2962 5070
608 395 644 404 -
695 355 848 421 res-⁴·-

139 519 208 580 ibid.
233 518 256 576 V
279 516 352 581 294.
399 519 460 579 Hac
488 519 524 580 de
553 539 642 580 causa
666 519 810 580 Dindorfii
837 522 982 581 rationem
1008 521 1119 601 ubique
1143 532 1311 583 contractas

140 619 250 678 formas
273 638 293 698 η
319 637 373 697 pro
397 638 435 679 εα
459 627 489 678 et
512 637 550 678 eu
573 637 628 697 pro
648 638 682 679 eo
703 621 870 680 revocantis
890 622 989 698 sprevi
1009 629 1039 680 et
1057 623 1233 699 contempsi,
1258 621 1309 681 sed

141 735 176 775 ne
205 725 373 777 contractas
401 716 522 796 quidem
550 717 660 776 formas
684 716 824 777 omnibus
848 701 920 777 locis
944 716 1091 796 expellere
1116 718 1311 795 diductasque

141 832 279 876 revocare
312 833 402 875 ausus
435 832 515 894 sum,
548 817 723 892 praesertim
756 833 824 875 cum
857 815 888 873 in
921 814 1140 874 recentioribus
1178 815 1312 893 partibus

141 912 336 974 contrahendi
368 911 483 973 vocales
511 912 759 974 consuetudinem
789 914 846 972 iam
874 910 1000 990 amplius
1027 930 1216 990 progressam
1246 932 1311 973 esse

142 1013 204 1070 veri
235 1011 330 1071 simile
361 1013 408 1071 sit.
456 1010 513 1070 Sed
550 1029 586 1070 ne
619 1029 743 1090 prorsus
777 1008 912 1069 vacillare
946 1011 1120 1088 incertoque
1154 1010 1263 1071 iudicio
1296 1030 1312 1070 a

142 1108 295 1169 codicibus
319 1108 390 1169 solis
413 1108 544 1187 pendere
569 1108 698 1188 viderer,
722 1107 797 1169 banc
821 1107 916 1186 legem
940 1107 1012 1167 milri
1037 1107 1099 1186 tuli,
1123 1116 1156 1168 ut
1179 1110 1209 1169 in
1234 1107 1311 1168 clau·

142 1206 204 1267 sula
224 1226 328 1267 versus
348 1206 483 1267 diductas
503 1197 613 1267 formas
631 1225 790 1286 servarem,
804 1207 834 1265 in
854 1205 951 1265 medio
971 1223 1059 1265 versu
1079 1209 1312 1267 contractionem

141 1312 354 1384 praeoptarem.

229 1403 249 1480 ξ
276 1401 347 1464 113.
390 1402 516 1463 Cursum
536 1411 690 1481 peractum
714 1405 741 1464 si
763 1405 873 1463 iterum
898 1412 996 1463 meme
1021 1405 1181 1482 permetior
1205 1412 1235 1463 et
1254 1422 1313 1482 ‹puo

142 1510 228 1581 pacto
247 1503 376 1561 carmina
391 1501 489 1561 lliadis
509 1501 746 1578 recognoscenda
767 1503 896 1561 curarim
915 1501 1081 1581 considero,
1100 1497 1214 1562 tantum
1230 1501 1314 1561 abest

143 1608 176 1660 ut
205 1601 380 1660 temeritatis
409 1598 446 1658 ob
475 1598 638 1677 neglectam
666 1597 802 1659 codicum
832 1606 1026 1678 veterumque
1053 1601 1312 1678 grammaticorum

143 1698 230 1758 iidem
255 1716 301 1757 me
330 1699 477 1776 incusem,
505 1705 538 1757 ut
565 1713 658 1774 paene
687 1716 733 1756 me
758 1699 919 1778 poeniteat,
947 1697 1026 1776 quod
1052 1717 1110 1758 non
1134 1698 1200 1777 plus
1225 1702 1313 1757 etiam

142 1797 250 1855 rationi
278 1795 434 1855 tribuerim
463 1805 493 1855 et
520 1797 550 1855 in
581 1793 775 1855 restituendis
804 1793 955 1854 veteribus
984 1794 1087 1855 formis
1115 1812 1174 1855 non
1204 1797 1315 1856 maiore

143 1894 307 1954 constantia
336 1911 408 1952 usus
432 1894 496 1952 sim.
543 1892 679 1953 Carmina
703 1893 796 1970 enim,
819 1910 895 1970 quae
918 1908 978 1952 nou
1002 1911 1036 1951 ex
1062 1895 1182 1954 scriniis
1205 1893 1314 1953 littera·

144 2001 241 2052 torum
270 1998 437 2069 poetarum,
465 1989 516 2049 sed
546 2008 580 2049 ex
610 2008 661 2049 ore
691 1991 914 2067 ingeniosorum
939 1998 1035 2050 vatum
1060 1991 1263 2069 profluxerint
1286 2000 1316 2052 et

145 2091 317 2168 priusquam
342 2087 450 2147 litteris
474 2087 699 2167 mandarentur,
722 2105 776 2165 per
799 2089 856 2147 tria
880 2087 925 2147 vel
949 2097 1090 2166 quattuor
1113 2089 1230 2148 saecula
1256 2108 1316 2148 me-

146 2188 237 2245 moria
258 2183 472 2263 rhapsodorum
491 2185 738 2266 propagabantur,
758 2186 823 2245 deri
840 2203 899 2245 non
915 2189 1012 2263 potuit
1027 2188 1098 2265 quin
1116 2186 1221 2246 multas
1238 2189 1315 2246 vices

145 2281 292 2353 subierint
320 2290 350 2341 et
378 2300 435 2341 una
465 2302 532 2342 cum
562 2283 675 2363 vulgari
702 2301 839 2343 sermone
868 2285 978 2343 sensim
1002 2292 1115 2344 mutato
1139 2295 1168 2345 et
1193 2287 1254 2363 ipsa
1279 2283 1315 2343 de

145 2383 272 2459 genuina
296 2381 389 2440 lorma
409 2379 592 2458 aliquantum
612 2380 801 2443 desciverim.
838 2380 951 2450 Quodsi
970 2380 1081 2441 lumine
1101 2383 1316 2460 comparativae

145 2480 352 2558 grammaticae
381 2476 500 2537 admoto
529 2486 559 2538 et
587 2480 659 2537 artis
687 2477 802 2557 legibus
826 2478 964 2539 subtilius
987 2481 1161 2539 examinatis
1185 2489 1313 2539 veterem

145 2577 268 2636 formam
297 2577 382 2654 quasi
410 2574 446 2635 de
473 2577 577 2636 inieris
600 2578 780 2636 resuscitare
803 2585 833 2637 et
856 2579 1027 2655 aeruginem
1052 2576 1180 2636 decursu
1205 2587 1315 2654 tempo-

145 2692 211 2734 rum
248 2675 421 2733 tersissimis
454 2673 636 2734 carminibus
666 2673 823 2735 obductam
854 2693 960 2735 rursus
993 2673 1148 2753 detergere
1183 2676 1316 2754 contigit,

145 2774 286 2833 maiorem
320 2789 451 2851 quoque,
484 2771 626 2832 benevole
659 2771 766 2851 lector,
799 2775 829 2833 in
862 2773 918 2833 boc
950 2791 1037 2852 quam
1067 2775 1098 2832 in
1128 2772 1193 2832 aliis
1222 2775 1316 2851 poetis

146 2871 312 2931 libertatem
344 2871 504 2949 pristinum
536 2870 663 2929 nitorem
694 2870 852 2930 revocandi
882 2870 990 2931 editori
1017 2870 1185 2931 condonare
1216 2870 1316 2931 debes.

146 2969 203 3029 Sed
232 2988 299 3029 cum
330 2974 375 3028 tot
402 2969 537 3045 tantique
560 2968 629 3044 viri,
658 2967 767 3044 quibus
792 2986 879 3047 quam
903 2971 1028 3028 maxime
1052 2987 1148 3029 meam
1171 2970 1316 3028 rationem

145 3066 264 3146 probari
292 3064 392 3144 velim,
420 3063 624 3125 Aristarchum
653 3082 740 3125 suum
769 3066 839 3126 anili
862 3067 1002 3147 quadam,
1032 3075 1065 3127 ut
1089 3066 1166 3145 quod
1191 3068 1317 3126 sentiam

145 3166 250 3243 fatear,
279 3165 491 3241 superstitione
515 3162 680 3222 exosculari
705 3181 763 3223 non
787 3164 936 3245 desinant,
966 3182 1070 3224 vereor
1095 3182 1131 3224 ne
1156 3166 1213 3223 iam
1237 3166 1317 3224 iusto

146 3263 287 3323 audacius
312 3264 340 3320 in
366 3270 450 3321 textu
472 3259 656 3320 recensendo
680 3271 831 3337 grassatus
854 3281 919 3322 esse
944 3262 1094 3323 nonnullis
1112 3261 1221 3322 videar.
1259 3262 1316 3331 Qui

147 3363 173 3421 si
191 3368 304 3420 textum
324 3361 488 3419 carminum
508 3357 677 3417 evolventes
691 3356 834 3419 librorum
849 3359 983 3419 ordinem
999 3366 1153 3438 mutatum,
1173 3359 1317 3439 digamma

147 3461 332 3538 restitutum,
364 3461 597 3519 contractionem
631 3456 774 3518 vocalium
806 3456 964 3538 sublatam,
997 3457 1126 3536 denique
1155 3456 1318 3516 Aristarchi

148 3564 304 3636 praecepta
329 3575 387 3616 uon
412 3558 505 3635 magis
528 3555 682 3617 observata
702 3573 789 3634 quam
810 3563 910 3633 spreta
929 3564 959 3616 et
977 3563 1146 3634 contempta
1165 3555 1317 3632 indignan-

149 3664 211 3734 tur,
239 3654 350 3733 legant,
378 3656 553 3733 priusquam
581 3653 690 3714 librum
719 3652 963 3714 stomachabundi
987 3653 1128 3731 abiciant,
1156 3651 1229 3711 baec
1253 3669 1317 3710 mca

149 3752 368 3832 prolegomena,
405 3760 439 3813 ut
471 3769 559 3832 quam
592 3760 678 3812 caute
712 3759 741 3811 et
773 3753 990 3830 circumspecte
1024 3753 1053 3809 in
1088 3746 1194 3809 tradita
1225 3749 1318 3808 lorma

147 3850 354 3910 commutanda
372 3855 522 3911 'versatus
555 3851 621 3910 sim*
644 3857 825 3928 cognoscant
858 3866 955 3926 neque
984 3866 1030 3907 me
1059 3846 1198 3906 damnent
1228 3865 1316 3906 causa

148 3947 287 4008 inaudita.
