2962 5070
583 336 822 401 -1332

111 504 193 564 Nihil
214 513 310 564 tamen
330 504 494 564 diiudicare
514 520 605 562 ausus
624 520 691 561 snm
709 500 745 561 de
766 502 884 560 nomine
903 491 987 581 ἤιος,
1006 503 1056 560 cui
1075 500 1289 582 Aristarchum,

110 622 179 664 eum
204 622 220 662 a
244 604 335 663 rerho
359 599 431 682 ῗημι
455 601 610 680 derivaret,
634 601 773 678 spiritum
797 616 936 678 asperum
956 599 1128 676 praefixisse
1147 598 1289 660 Herodia-

110 722 169 763 nus
190 703 225 763 ad
248 704 277 763 0
295 699 361 763 365
379 699 504 778 rettulit,
528 716 705 778 quamquam
730 696 869 776 proclivis
896 715 960 756 sum
981 696 1016 756 ad
1036 699 1288 758 necessitudinem

110 800 322 862 vocabulorum
353 792 392 861 ἕύ
422 807 451 858 et
481 788 577 877 illios
607 795 797 874 probandam.
808 789 832 875 ¹)
885 794 1012 855 Prorsus
1040 803 1138 856 autem
1168 795 1204 856 ah
1233 796 1288 857 hac

109 898 226 959 medela
253 898 419 959 adhihenda
446 913 494 955 me
524 893 655 954 abstinui
682 896 712 952 in
737 891 887 952 vocabulis
911 883 998 972 ἅδην
1023 884 1104 965 ἅδος
1128 884 1289 973 ἀδηκότες

108 992 210 1076 ἔσμεν
230 994 279 1078 (Τ
297 989 377 1076 402)
402 991 577 1071 scribendis,
601 991 840 1070 prandoqiridem
864 991 971 1052 horum
990 992 1120 1052 radicem
1140 994 1170 1052 in
1189 993 1286 1053 lronte

109 1114 170 1156 uon
201 1097 362 1175 digamma,
390 1092 442 1153 sed
472 1090 639 1151 sibilantem
668 1089 808 1150 hahuisse
832 1091 1051 1179 comparatione
1074 1089 1233 1150 latinorum
1258 1099 1288 1151 ct

107 1196 348 1270 germamcorum
368 1190 525 1250 verborum
545 1188 729 1266 exploratum
749 1193 795 1246 est
814 1181 865 1267 (cl.
886 1186 1007 1247 Curtius
1026 1187 1075 1248 Gr.
1095 1181 1155 1247 Εῑ.5
1173 1208 1201 1266 p.
1221 1186 1285 1250 398

108 1299 140 1350 et
168 1289 200 1350 L.
230 1289 330 1369 Meyer
359 1288 392 1349 ll.
416 1287 445 1347 Z.
470 1285 551 1345 xxti
579 1283 667 1363 467).
713 1284 902 1366 Quapropter
931 1288 1121 1366 gravissimos
1149 1295 1287 1347 auctores

108 1388 317 1449 Aristarchum
349 1395 379 1447 et
411 1384 612 1446 llerodianum
644 1381 694 1460 (cl.
728 1383 819 1445 schol.
854 1385 884 1444 E
915 1381 988 1445 203.
1023 1385 1053 1445 Λ
1083 1382 1133 1444 88.
1167 1405 1183 1445 ε
1211 1383 1286 1466 290,

109 1484 272 1547 llerodiani
305 1485 368 1546 rell.
402 1484 420 1544 l·
445 1477 525 1566 539)
557 1491 678 1543 secutus
711 1484 850 1560 spiritum
884 1501 1022 1561 asperum
1056 1482 1102 1542 his
1125 1479 1286 1551 'vocabulis

107 1585 232 1662 praellxi
261 1594 291 1645 et
320 1584 376 1644 hoc
405 1600 497 1642 unum
527 1599 631 1640 vereor
660 1598 697 1639 ne
726 1583 891 1661 vituperer,
921 1581 999 1660 quod
1024 1580 1163 1642 allinihus
1187 1582 1286 1643 verbis

105 1673 227 1760 ἄμεναι
252 1674 400 1743 ἄσασθαι
425 1682 562 1759 spiritum
586 1690 725 1757 asperum
749 1678 794 1738 rel
813 1681 914 1740 invitis
933 1679 1017 1739 libris
1037 1687 1067 1739 et
1085 1683 1285 1757 grammaticis

102 1778 230 1839 reddere
255 1799 314 1840 non
338 1797 428 1840 ausus
452 1795 527 1837 sum.

196 1877 272 1938 Cum
300 1879 459 1954 spirituum
484 1874 655 1934 discrimine
679 1872 776 1935 littera
802 1895 920 1955 quoque
945 1878 1044 1937 tenuis
1068 1876 1282 1954 particularum

108 1961 206 2048 αὖτις
228 1974 377 2053 cohaeret,
401 1975 488 2034 cuins
511 1971 576 2032 loeo
596 1973 685 2031 dttici
709 1975 836 2052 aspirata
860 1976 886 2034 θ
909 1974 1079 2055 utebantur,
1104 1975 1182 2035 unde
1205 1976 1284 2036 eodi-

108 2073 193 2134 dires
227 2072 290 2132 lere
318 2075 397 2132 iuter
425 2071 588 2147 scripturas
616 2054 709 2142 αὖτις
738 2079 767 2131 et
795 2057 897 2144 αὖθις
924 2072 1078 2133 lluctuant.
1125 2072 1187 2151 Ego
1215 2092 1284 2133 cnm

109 2172 265 2251 plerisque
300 2169 465 2230 editoribus
498 2176 528 2228 ct
555 2166 729 2227 melioribus
752 2167 836 2228 libris
864 2173 994 2248 priorem
1024 2160 1162 2250 formam,
1196 2190 1284 2251 quam

105 2273 235 2331 ionicam
264 2288 330 2329 esse
358 2269 562 2347 consentiunt,
595 2267 735 2348 praetuli,
765 2271 940 2347 praesertim
970 2289 1038 2329 cnm
1067 2254 1161 2340 αὖτις
1189 2277 1219 2330 et
1246 2270 1283 2328 ah

110 2354 196 2429 αὖθι
222 2367 382 2427 abhorrere
407 2375 437 2426 et
460 2383 528 2426 cnm
551 2350 630 2426 αὖτε
653 2365 814 2425 cohaerere
839 2366 980 2427 rideatur.

413 2571 462 2624 De
485 2568 603 2623 formis
626 2567 750 2623 veteris
774 2568 974 2636 graecitatis

197 2690 218 2765 ἓ
244 2688 293 2750 78.
332 2688 376 2749 hh
400 2688 548 2748 aeolismis
572 2689 678 2764 exigno
702 2687 888 2769 discrimine,
913 2688 990 2767 quod
1011 2708 1099 2768 saepe
1119 2698 1148 2750 et
1168 2699 1282 2751 veteres

108 2798 140 2849 et
170 2790 354 2847 recentiores
383 2787 568 2865 grammatici
592 2786 819 2865 transilncruut,
848 2787 957 2847 lormae
983 2789 1091 2847 veteris
1114 2791 1283 2866 graecitatis

103 2889 252 2947 discretae
282 2896 359 2946 sunt.
406 2884 570 2963 lltrnnrquc
598 2884 676 2943 enim
705 2884 867 2943 formarum
895 2903 1004 2967 genus,
1032 2904 1099 2945 eum
1129 2887 1158 2945 iu
1184 2890 1279 2965 qumi·

103 2984 193 3045 diano
226 3003 364 3044 sermone
397 2984 505 3042 civium
534 2982 655 3042 llomeri
687 3001 745 3041 non
773 2983 831 3040 iam
859 2983 989 3042 lerretur
1017 2992 1068 3044 aut
1096 2983 1200 3044 saltem
1228 2984 1279 3044 oh·

106 3082 235 3143 litterari
259 3090 398 3161 coeptum
420 3088 508 3159 esset,
532 3099 567 3138 ex
587 3078 799 3140 vetustioribus
818 3080 1001 3140 carminibus
1020 3090 1106 3160 poeta
1126 3091 1281 3161 acceptum

107 3182 213 3242 tulisse
239 3181 369 3260 ridetur,
398 3198 472 3259 quae
497 3198 564 3238 (tum
588 3178 698 3238 aeolica
723 3179 813 3237 luisse
838 3177 1047 3259 crederentur,
1071 3189 1186 3240 veteres
1211 3201 1282 3260 quo-

104 3300 163 3361 que
189 3279 253 3340 illas
277 3280 420 3340 orationis
444 3277 553 3337 lormas
577 3294 679 3336 omnes
703 3294 757 3353 pro
782 3275 901 3336 aeolicis
925 3276 1076 3337 venditare
1102 3280 1130 3339 in
1156 3280 1280 3356 proclivi

106 3382 170 3440 luit.
216 3377 276 3438 Nos
304 3395 408 3437 eorum
436 3377 535 3455 potius
564 3376 740 3435 seutentiam
768 3375 864 3433 secuti
892 3392 1008 3455 sumus,
1038 3377 1089 3455 qni
1118 3379 1175 3435 nisi
1203 3396 1279 3457 quiae

106 3481 136 3537 in
160 3476 288 3538 aeolicae
312 3474 430 3537 dialecti
449 3476 572 3535 Asianae
597 3474 796 3533 monumentis
819 3479 870 3530 aut
889 3470 1041 3533 litterariis
1060 3482 1111 3533 aut
1130 3473 1280 3554 lapidariis

106 3578 323 3654 imcnirentur,
346 3577 424 3634 inter
448 3572 604 3633 aeolismos
628 3572 734 3631 relcrri
758 3578 898 3630 vetarent.
937 3569 1010 3639 Quis
1035 3574 1113 3632 enim
1133 3573 1281 3634 allirmarc

106 3675 213 3734 audeat
237 3681 275 3753 et,
299 3675 325 3732 si
347 3672 494 3732 affirmare
518 3670 636 3751 audeat,
661 3673 752 3731 cortis
775 3673 958 3748 argumentis
982 3674 1159 3731 ‹atrilirnmre
1186 3676 1281 3749 possit

107 3772 222 3833 nullum
251 3773 330 3831 inter
359 3771 443 3830 lones
472 3776 539 3828 ante
568 3767 733 3828 llomernm·
757 3771 888 3829 earmina
919 3766 1078 3847 paruisse?
1124 3769 1281 3830 Praeterea

107 3879 174 3930 ante
203 3870 328 3930 Asianos
356 3867 461 3928 heoles
494 3869 551 3926 iam
580 3869 706 3925 maiores
734 3886 853 3947 eorum,
886 3888 952 3928 cum
983 3870 1012 3926 in
1044 3865 1163 3926 lloeotia
1193 3877 1222 3927 et
1250 3872 1279 3930 in

107 3968 258 4029 Thessalia
283 3966 339 4027 snb
359 3965 483 4046 Olympo
507 3964 657 4045 degerent,
682 3965 770 4025 rerba
795 3966 946 4045 dactylicis
968 3963 1102 4024 versibus
1122 3965 1279 4028 inclusisse

108 4085 250 4147 perquam
276 4064 435 4125 verisimile
459 4070 517 4143 ‹st3
541 4064 611 4142 qnid
636 4064 727 4142 igitur
751 4063 857 4143 obstat,
882 4064 1040 4143 qriomiuus
1064 4064 1153 4122 etiam
1175 4083 1210 4122 cx
1230 4064 1280 4124 illo

108 4174 222 4227 remoto
247 4167 348 4243 epicae
372 4173 402 4223 et
426 4180 526 4222 sacrae
550 4163 648 4240 poesis
673 4170 806 4242 tempore
832 4160 987 4221 nonnullas
1007 4162 1124 4243 formas,
1147 4181 1281 4241 praeser-

198 4361 226 4424 1)
245 4354 392 4423 ingeniose
412 4354 446 4409 do
466 4351 572 4423 origine
591 4354 789 4408 vocabulorum
811 4349 885 4422 ίὴιος
903 4355 932 4406 et
944 4348 1008 4423 ἥιος
1021 4367 1110 4421 nuper
1123 4352 1281 4424 disputavit

108 4433 265 4490 Fraudata
283 4432 420 4488 Bezzenb.
440 4433 524 4489 Beitr.
543 4431 584 4486 ΙΙΙ
603 4439 627 4488 l.
