2984 5092
620 380 656 388 -
709 344 858 408 leu-

304 588 353 640 De
376 586 546 655 digammo
569 583 709 639 Homeri
732 582 938 639 carminibus
960 582 1184 641 restituendo.

242 699 261 771 ξ
286 696 337 755 ill.
376 695 534 775 Higamma,
559 694 637 773 qurrd
663 704 778 754 veteres
801 694 986 769 grurmuatici
1009 692 1153 755 aeolicum
1178 712 1330 773 xmucupa·

154 795 238 875 haut,
267 797 335 873 quia
360 796 389 853 in
415 792 499 852 libris
522 792 644 851 Aeolum
668 800 823 869 pomarum
847 790 946 852 Alcaei
970 801 1000 851 et
1023 792 1161 872 Sapphus
1185 794 1331 871 scriptum

156 895 338 970 invenerant,
371 910 408 951 ne
437 890 474 950 ab
493 890 613 950 Homeri
634 888 753 967 (peridem
782 889 964 950 carminibus
992 890 1120 951 aliormm
1151 892 1245 951 luisse
1274 894 1330 970 pri·

156 1008 222 1050 mus
255 989 407 1050 llentleius
440 1008 475 1048 ex
504 989 636 1048 metricis
670 987 787 1047 indiciis
812 990 971 1067 perspexit.
1017 988 1119 1067 Neque
1144 988 1241 1049 solum
1266 1008 1332 1068 per·

157 1089 255 1166 spexit
288 1086 336 1146 ille
372 1088 430 1146 rim
458 1086 597 1164 digammi
625 1084 787 1165 Homerici,
821 1085 871 1145 sed
901 1087 988 1146 ctirun
1018 1088 1047 1146 iu
1076 1085 1240 1164 exemplari
1268 1104 1334 1165 siro,

156 1185 235 1263 qnod
266 1192 366 1263 postca
400 1186 430 1243 iu
467 1183 572 1262 lleynii
606 1202 711 1243 mamis
744 1183 873 1244 delatum
906 1192 966 1262 est,
1003 1202 1055 1243 eos
1086 1184 1177 1263 locos,
1211 1186 1265 1264 <pu
1297 1203 1334 1243 ex

159 1283 292 1360 neglecto
317 1282 462 1360 digamum
488 1281 582 1342 labem
606 1289 766 1361 traxerant,
790 1283 1028 1359 ingeniosissime
1046 1281 1223 1342 crutmdarit.
1262 1282 1337 1343 llem

157 1401 172 1441 a
193 1380 335 1439 Britanno
358 1379 506 1457 philologo
531 1380 767 1445 adelbrandus
792 1380 854 1440 lere
877 1398 970 1439 anuos
995 1380 1161 1440 incohatam
1181 1380 1338 1459 praeclare

160 1487 259 1538 nostra
288 1479 429 1537 memoria
458 1484 488 1537 ct
517 1476 632 1555 legibus
659 1480 792 1538 metricis
821 1477 991 1555 diligentius
1020 1480 1195 1539 examinatis
1221 1486 1254 1537 et
1277 1480 1338 1538 ori-

157 1576 277 1655 ginibus
307 1576 464 1635 verborum
493 1595 528 1634 ex
552 1578 685 1654 «regnatis
709 1575 818 1653 linguis
841 1574 981 1635 sublibus
1004 1574 1150 1653 indagatis
1173 1578 1229 1635 riri
1253 1576 1339 1637 docti

159 1684 373 1754 promoverunt
414 1692 482 1733 cum
520 1673 569 1732 alii
606 1682 669 1734 tum
707 1673 771 1733 Car.
809 1671 1003 1733 Hollmauuus
1040 1675 1070 1733 iu
1108 1674 1340 1753 quaestionibus

159 1773 325 1833 Homericis
344 1781 374 1831 ct
393 1771 438 1831 Hl.
463 1770 609 1831 Hrroesius
634 1774 664 1830 in
687 1770 912 1850 quaestionibus
935 1770 972 1831 dc
996 1772 1142 1851 digamma
1166 1770 1340 1833 Homerico.

162 1870 291 1947 Longius
315 1870 403 1928 etiam
429 1870 578 1946 progressi
603 1871 675 1946 ipsis
699 1868 880 1929 carminibus
900 1868 1022 1930 Homeri
1044 1869 1190 1947 digamma
1212 1872 1339 1932 restitu-

96 1958 99 1963 ’
161 1976 249 2027 emm
273 1965 438 2027 llichardus
462 1965 684 2045 l’apre-Hniglrt
709 1968 740 2025 iu
764 1966 894 2025 editione
919 1967 1100 2028 londinensi
1127 1986 1153 2027 a.
1181 1966 1341 2029 ubcccx

161 2076 191 2127 et
210 2066 291 2126 lmm.
312 2064 465 2125 lieltherus
486 2066 515 2124 io
535 2065 664 2125 editione
683 2064 832 2125 bonnensi
851 2084 876 2125 a.
895 2063 1119 2127 lllhllCCLVlH.
1156 2066 1194 2126 At
1212 2066 1340 2127 audacia

162 2166 267 2225 horum
297 2164 487 2224 duumvirum
511 2172 570 2222 tam
598 2181 682 2222 acres
710 2162 958 2241 reprehensiones
986 2173 1107 2241 experta
1135 2171 1189 2243 cst,
1221 2172 1257 2223 ut
1285 2166 1343 2243 qui

162 2272 229 2342 post
262 2260 429 2323 hehherum
460 2260 580 2319 Homeri
613 2261 719 2320 edendi
752 2278 853 2321 curam
886 2270 1096 2341 susceperunt,
1130 2260 1165 2321 ad
1198 2264 1342 2341 autiquae

162 2361 265 2421 sordes
289 2360 387 2419 redire
410 2358 578 2419 maluerint.
609 2358 756 2418 Nimirum
775 2377 832 2436 qua
857 2368 927 2418 suut
950 2367 1098 2419 nostrates
1116 2359 1252 2419 homines
1270 2378 1342 2439 per·

163 2477 245 2519 rersa
266 2458 422 2518 timiditate
437 2465 467 2516 et
482 2459 572 2517 animi
587 2456 792 2531 obstinatione,
807 2455 1022 2534 prolixissimus
1036 2456 1174 2517 librosdc
1185 2456 1347 2537 digamma,

162 2556 459 2636 ortlrographicisque
488 2554 578 2615 rebus
607 2554 759 2633 perlegere
787 2571 846 2613 uon
876 2563 1027 2635 recusant,
1055 2556 1106 2615 sed
1135 2558 1160 2615 si
1189 2556 1273 2635 quis,
1302 2564 1341 2617 ut

163 2658 278 2716 lructus
307 2654 414 2733 aliquis
443 2652 596 2714 subtilium
621 2654 828 2731 qrraestiormm
852 2653 886 2711 ad
912 2654 1038 2713 nitorem
1062 2655 1228 2728 carminum
1251 2655 1342 2715 resti·

165 2752 309 2814 tuernlum
343 2752 388 2811 rel
416 2751 626 2830 impedimenta
655 2749 805 2810 scribendi
834 2750 1010 2811 removenda
1037 2750 1197 2831 redundet,
1229 2750 1342 2811 tradita

165 2850 254 2911 rerba
293 2858 407 2910 tentare
444 2868 535 2908 ausus
573 2857 631 2928 est,
668 2866 786 2907 (intuear
823 2850 1007 2927 aritiquitatis
1040 2850 1237 2909 reverentiam
1269 2852 1342 2910 cxiii

164 2949 323 3008 clamitant.
369 2946 478 3007 Verum
511 2965 579 3006 cum
612 2945 660 3005 alii
694 2946 759 3005 aliis
792 2949 890 3007 causis
923 2948 999 3006 viam
1026 2966 1043 3007 a
1071 2946 1206 3007 Helikore
1235 2948 1342 3007 initam

165 3045 433 3124 reprehenderunt,
471 3043 603 3121 singulae
641 3045 771 3104 rationes
808 3046 872 3105 siue
910 3046 953 3104 ira
984 3051 1015 3104 et
1045 3044 1145 3105 studio
1168 3043 1256 3105 nobis
1279 3045 1341 3105 iam

165 3142 376 3203 examinandae
400 3150 479 3202 suut.

254 3239 350 3317 §92
396 3242 508 3319 Agmcn
536 3240 785 3320 reprehensorum
814 3241 928 3301 drrcont
955 3240 1150 3321 Aristarchei,
1181 3243 1234 3319 qui
1261 3240 1343 3303 ultra

166 3340 304 3400 editionis
323 3337 359 3397 ab
379 3338 549 3399 Aristarcho
569 3340 790 3398 aceruatissimc
815 3346 844 3399 et
867 3338 1061 3399 subtilissime
1084 3340 1243 3399 adornatae
1263 3342 1342 3400 lines

168 3436 308 3516 progredi
336 3445 444 3496 retunt.
490 3436 527 3497 At
555 3444 588 3496 ut
612 3437 718 3495 eximia
742 3436 797 3497 luit
820 3437 984 3498 Aristarchi
1008 3439 1119 3515 ingenii
1143 3439 1286 3515 sagacitas
1312 3449 1345 3500 et

167 3538 264 3598 critici
288 3544 447 3614 apparatus
471 3538 569 3616 eopia,
593 3538 633 3594 ita
657 3553 715 3594 non
739 3537 906 3613 spernenda
930 3544 1000 3595 stmt
1024 3535 1139 3596 llentlei
1161 3554 1284 3597 acxrmeu
1313 3548 1346 3599 ct

170 3656 243 3697 uera
280 3654 316 3695 cx
353 3636 530 3712 ieirmparatis
567 3632 706 3693 allinibus
742 3632 850 3711 linguis
882 3642 983 3713 parata
1016 3632 1157 3695 subsidia.
1207 3632 1271 3703 Qua
1305 3635 1345 3696 dc

170 3754 258 3795 rtrrrrsa
278 3735 304 3793 si
322 3734 476 3812 digamma,
496 3732 525 3791 id
545 3732 623 3809 ‹gtrxnl
649 3739 763 3791 retercs
783 3733 989 3809 graurmaticos
1009 3731 1103 3811 latuit,
1123 3730 1244 3792 llourcri
1267 3739 1344 3794 tenr-

170 3832 292 3912 poribus
320 3832 473 3890 etiamtum
503 3831 631 3905 riguisse
660 3828 883 3907 ‹rorrrprohatum
912 3830 1179 3908 continuatumque
1203 3836 1257 3909 est,
1280 3848 1345 3891 uon

171 3931 268 4009 rideo,
298 3947 352 3989 cur
380 3947 448 3989 cum
472 3924 649 3987 Aristarcho
678 3928 826 3988 ‹triecutire
856 3946 944 4005 (piram
971 3927 1144 3988 eurendatac
1168 3925 1345 4007 discipliuae

171 4030 235 4089 lucc
261 4028 319 4087 lrui
342 4026 488 4087 andimus.

258 4127 295 4185 At
318 4124 375 4185 hoc
400 4126 497 4201 ipsum
521 4131 591 4184 sunt
610 4124 661 4203 qui
680 4122 864 4202 addubitent,
887 4141 955 4183 cum
979 4123 1124 4201 digamma
1143 4125 1201 4184 iam
1222 4123 1348 4187 Homeri

173 4223 356 4302 temporibus
384 4224 499 4282 lirinum
527 4221 721 4300 stabilemque
746 4221 875 4280 litteram
900 4222 991 4281 luisse
1015 4229 1132 4300 negent.
1179 4222 1275 4282 Huius
1300 4224 1348 4284 rei

172 4331 380 4399 argmuentum
404 4321 456 4398 qm
480 4338 516 4378 cx
540 4340 573 4379 co
598 4328 747 4400 repetunt,
771 4317 848 4396 alnou
873 4318 1018 4397 digamma
1043 4318 1131 4379 nullis
1152 4337 1294 4398 umquam
1315 4323 1347 4381 in

174 4418 390 4498 exemplarilms
418 4418 563 4495 scriptum
593 4419 694 4497 l'uerit,
722 4436 892 4496 perversam
917 4419 946 4477 in
970 4416 1174 4478 concludendo
1197 4420 1349 4481 rationem
