2984 5092
632 288 874 353 -146-

165 444 296 511 πεσέειν
332 444 470 530 φυγέειν
507 445 726 530 διαπραθέειν
759 442 982 531 ὑπερθορέειν
1015 446 1207 533 ἐρυκακέειν
1237 470 1342 535 παρα-

166 541 325 627 δραθέειν
357 543 559 627 πεφραδέειν
590 543 695 609 πιέειν
728 544 866 629 φαγέειν
899 542 1059 629 σχεθέειν.
1105 551 1202 631 Atque
1236 550 1340 613 falsam

164 647 240 707 bane
263 649 486 726 persuasionem
512 646 604 707 luisse
628 647 765 727 equidem
790 646 889 707 nullus
914 647 1027 728 dubito,
1050 649 1207 727 quaeritur
1231 656 1341 731 tamen,

165 754 265 807 utrum
303 743 432 805 Homero
468 745 524 824 ipsi
562 762 695 804 errorem
737 746 886 823 assignare
924 744 1011 806 liceat
1051 764 1088 806 an
1129 746 1341 811 redactoribus

164 844 345 904 Pisistrateis
383 850 446 921 aut,
484 842 514 901 id
547 843 626 921 quod
661 845 692 903 in
725 851 806 903 tauto
838 861 985 904 consensu
1018 844 1156 906 codicum
1192 864 1341 927 perquam

164 941 358 1022 improbabile
400 949 459 1021 est,
500 939 705 1001 Alexandrinis
741 942 942 1018 grammaticis
978 943 1125 1021 imputare
1167 942 1340 1005 debeamus.

164 1040 276 1101 Mediae
308 1048 406 1101 autem
439 1039 603 1099 sententiae
634 1037 706 1098 illud
739 1040 865 1098 maxime
894 1038 992 1099 lavere
1021 1040 1152 1121 ridetur,
1184 1042 1266 1121 quod
1296 1042 1340 1103 di-

165 1140 322 1200 duotarum
356 1138 494 1197 inlinitivi
527 1138 688 1196 formarum
721 1154 818 1215 neque
846 1138 876 1195 in
907 1137 1000 1197 titulis
1026 1137 1150 1216 lapideis
1178 1157 1279 1218 neque
1309 1142 1339 1200 in

163 1240 272 1299 ceteris
295 1238 402 1297 ionicis
425 1235 623 1313 scriptoribus
645 1234 822 1295 Archilocho
847 1233 958 1295 Callino
982 1234 1132 1297 llerodoto
1150 1234 1340 1316 ,Hippocrate

163 1344 244 1396 certa
276 1334 409 1412 exempla
443 1341 571 1413 exstant,
605 1352 662 1412 (qua
694 1333 731 1393 de
764 1351 796 1392 re
824 1335 898 1393 scite
926 1333 1133 1396 disseruerunt
1162 1334 1339 1417 Bredoviue,

163 1432 200 1493 de
223 1430 349 1493 dialecto
373 1429 539 1490 Herodotea
562 1448 590 1508 p.
609 1427 684 1511 324,
707 1438 737 1490 et
760 1429 925 1511 liennerus,
949 1432 985 1492 de
1008 1431 1135 1493 dialecto
1158 1435 1340 1513 antiquioris

163 1529 345 1591 Graecorum
369 1531 468 1607 poesis
492 1528 637 1606 elegiaeae
660 1536 689 1588 ot
715 1528 864 1609 iambicae,
888 1531 918 1588 in
942 1529 1024 1591 Curi.
1048 1530 1132 1591 Stud.
1156 1530 1168 1589 l
1192 1530 1214 1593 2
1237 1550 1268 1610 p.
1287 1528 1341 1593 32.

163 1624 262 1698 Quid?
291 1627 368 1705 quod
398 1646 435 1687 ne
459 1626 606 1687 llesiodus
635 1627 755 1705 quidem
784 1629 813 1687 in
842 1630 980 1706 genuinis
1008 1629 1189 1691 carminibus
1218 1630 1339 1710 tlreogo·

162 1728 228 1787 niae
262 1734 292 1786 et
320 1744 443 1804 operum
481 1727 567 1784 istam
596 1724 744 1784 licentiam
774 1725 892 1785 admisit
920 1734 950 1786 et
977 1728 1008 1786 in
1036 1727 1099 1788 solo
1127 1729 1262 1787 carmine
1289 1727 1339 1787 ad·

162 1824 305 1903 ulteriuo,
343 1832 429 1883 scuto
473 1821 623 1904 llerculis,
660 1823 797 1883 inlinitiri
834 1822 947 1883 diducti
984 1819 1123 1904 μαπέειν
1155 1820 1229 1885 231.
1263 1822 1340 1905 304,

162 1917 268 1983 πιέειν
300 1919 379 2000 262,
413 1916 515 1983 ἐλέει-ν
548 1918 627 1995 337,
660 1915 785 1981 λιπέειν
813 1918 877 1981 332
907 1923 1107 1983 inveniuntur.
1153 1922 1257 2003 ltaque
1286 1924 1338 2003 qni

163 2018 324 2080 Homerum
362 2021 459 2097 ipsum
496 2019 550 2079 bac
588 2019 701 2079 macula
739 2037 896 2097 aspergere
939 2022 1025 2080 veriti
1067 2028 1151 2099 sunt,
1188 2019 1274 2081 lliadi
1307 2030 1338 2082 et

162 2114 310 2196 Odysseae
339 2118 514 2177 commentis
542 2119 802 2195 grammaticorum
830 2116 962 2195 expulsis
986 2118 1096 2178 formas
1120 2118 1339 2179 inlinitirorum

161 2217 191 2276 in
220 2234 298 2295 εμεν
326 2224 378 2275 aut
405 2235 459 2275 εεν
487 2214 652 2275 reddendas
680 2233 746 2274 esse
770 2223 961 2277 censuerunt.
1007 2218 1044 2275 nt
1068 2234 1143 2296 quae
1166 2234 1182 2275 a
1207 2212 1338 2295 Georgio

161 2312 278 2393 Curtio,
306 2311 434 2373 Verbum
458 2308 502 2373 11ι
528 2311 600 2393 103,
623 2313 801 2392 comparatis
824 2313 977 2372 inlinitiuis
1000 2312 1120 2373 aeolicis
1143 2310 1223 2392 ἔχην
1246 2304 1339 2393 ἄγην

161 2413 313 2490 proposita
341 2418 387 2471 est
416 2412 509 2471 lornra
538 2431 591 2472 εεν
620 2411 767 2491 quomodo
791 2410 934 2488 explicari
956 2414 1063 2492 possit,
1087 2412 1144 2471 nisi
1168 2412 1339 2491 antiquitus

160 2509 284 2582 λιπειέν
313 2507 358 2567 rel
384 2508 518 2569 λιπεέεν
547 2510 675 2570 Graecos
703 2509 813 2568 dixisse
838 2509 968 2590 duxeris,
992 2508 1130 2589 equidem
1153 2526 1214 2569 non
1238 2509 1337 2571 video.

160 2605 219 2666 Sed
238 2624 306 2667 cum
326 2607 356 2665 in
376 2612 437 2667 tota
455 2609 614 2686 graecitate
633 2606 724 2667 medii
742 2606 881 2684 diganrmi
900 2625 992 2667 urrrrm
1012 2607 1180 2687 exemplum
1195 2598 1337 2669 δόέεναι

161 2705 190 2764 in
209 2702 309 2763 tabula
333 2703 483 2786 ldalieusi,
507 2705 620 2767 mediae
645 2705 760 2766 litterae
776 2705 798 2778 j
819 2722 943 2783 prorsus
966 2703 1045 2765 nulla
1070 2703 1179 2765 indicia
1206 2714 1338 2785 exstent,

160 2801 268 2861 Leonis
290 2800 401 2880 blcperi
421 2805 585 2862 sententiae
605 2802 742 2862 onuribus
761 2801 835 2862 locis
854 2802 978 2863 lornram
997 2803 1028 2862 in
1047 2820 1126 2881 εμεν
1144 2802 1337 2863 restituentis

159 2893 271 2982 (Vergl.
281 2899 379 2960 Gram.
395 2894 524 2981 111284)
537 2917 637 2960 meum
653 2918 770 2979 quoquc
785 2899 933 2961 calculum
947 2900 1064 2960 adicere
1081 2917 1139 2960 non
1153 2897 1337 2982 dubitarem,

159 2999 185 3056 si
208 2996 344 3058 codicum
363 2997 451 3057 tidem
470 2997 691 3058 convellendam
710 3018 776 3059 esse
796 2999 867 3058 milri
887 3006 1045 3058 constaret.
1082 2996 1140 3058 Sed
1160 2996 1336 3059 obiciuntur

159 3096 256 3155 animo
281 3094 400 3174 quidam
423 3096 566 3175 scrupuli,
590 3099 640 3176 qui
665 3096 842 3158 crxrcndandi
866 3099 940 3157 viam
965 3114 1024 3156 non
1047 3093 1089 3154 illi
1109 3095 1228 3173 quidem
1248 3114 1334 3176 prae·

158 3192 292 3274 cludant,
324 3202 354 3253 at
382 3200 480 3253 tanuen
507 3196 652 3255 incertam
681 3195 812 3255 reddant.
860 3194 975 3255 biterrim
1005 3202 1123 3272 recepta
1152 3195 1208 3253 ista
1237 3193 1333 3255 torma

158 3309 218 3351 non
240 3293 340 3351 minus
363 3310 450 3370 quam
474 3296 576 3353 xrovies
600 3295 630 3353 in
651 3293 740 3353 lliade
760 3288 808 3375 (Δ
826 3288 900 3353 263.
921 3291 952 3350 Ε
967 3289 1042 3352 262.
1061 3290 1094 3349 Κ
1111 3287 1185 3351 368.
1205 3290 1240 3351 Σ
1256 3289 1334 3355 511.

161 3390 191 3451 T
214 3386 262 3451 15.
286 3391 320 3450 X
338 3386 412 3451 426.
441 3391 479 3451 Ψ
499 3388 573 3452 tet.
596 3392 629 3452 Ω
653 3386 742 3471 608),
766 3392 858 3449 octies
882 3391 912 3449 in
936 3386 1067 3468 Odyssea
1092 3383 1128 3467 (ιι
1148 3383 1199 3449 59.
1219 3407 1235 3448 ε
1255 3385 1333 3451 349.

157 3491 183 3549 θ
211 3485 285 3549 608.
314 3509 325 3547 ι
359 3486 429 3549 137.
458 3489 477 3549 λ
504 3487 579 3550 232.
607 3486 727 3570 μ446.
750 3507 768 3547 τ
792 3485 866 3549 471.
889 3507 911 3547 ν
934 3480 1030 3567 313),
1054 3493 1159 3566 quater
1183 3488 1213 3545 in
1237 3484 1333 3547 Scuto

158 3578 194 3668 (ν
221 3582 295 3647 231.
323 3583 398 3648 2ῖι2.
426 3582 500 3648 364.
529 3582 609 3668 337)
638 3586 778 3666 syllabam
806 3595 967 3647 extremam
996 3593 1063 3646 ante
1093 3583 1222 3645 vocalem
1252 3586 1334 3647 ictus

158 3685 184 3741 ri
214 3683 338 3761 produci
367 3683 452 3744 nobis
485 3684 674 3745 statuendum
703 3688 770 3745 erit.
815 3686 912 3764 Atque
940 3691 973 3744 ut
1002 3684 1077 3744 hanc
1102 3681 1333 3762 productionem

156 3782 186 3840 in
214 3798 337 3841 caesura
365 3789 395 3842 et
423 3784 453 3842 in
477 3784 535 3843 line
558 3784 705 3843 enuntiati
728 3790 795 3842 auto
819 3782 892 3843 duas
917 3781 1021 3842 breves
1045 3780 1170 3861 syllabas
1194 3774 1241 3863 (Ε
1253 3776 1333 3843 262.

157 3877 190 3938 K
217 3876 290 3939 368.
320 3880 354 3938 Σ
378 3877 452 3940 611.
489 3882 526 3941 Ψ
546 3878 621 3941 tot.
653 3878 783 3941 12603.
808 3900 820 3941 ι
849 3878 921 3941 137.
952 3881 971 3941 l
999 3876 1073 3942 232.
1102 3899 1125 3959 μ
1152 3873 1227 3939 446.
1252 3886 1332 3943 scut.

155 3968 237 4057 231)
260 3978 333 4036 satis
356 3986 525 4037 excusatam
550 3996 615 4037 esse
644 3976 818 4058 largiamur,
850 3986 948 4039 tamen
982 3996 1085 4040 vereor
1118 3994 1156 4038 ne
1190 3978 1332 4039 restituta

156 4077 212 4135 ista
236 4074 329 4135 forma
353 4077 431 4135 iusto
456 4075 592 4137 duriores
616 4079 733 4138 evasuri
760 4079 821 4136 sint
848 4078 966 4137 numeri
993 4084 1162 4137 ceterorum
1187 4093 1332 4137 versuum

156 4173 342 4251 pessimaque
366 4173 546 4251 cacophonia
574 4193 661 4235 aures
685 4176 820 4236 laesurus
844 4176 883 4235 sit
906 4193 1010 4235 versus
1033 4176 1067 4236 X
1085 4172 1152 4236 426

280 4262 451 4351 Ἕκτορος*
475 4261 520 4343 ὡς
543 4262 663 4352 ὄφελεν
686 4267 834 4351 θανέμεν
859 4267 895 4333 έν
918 4265 1032 4352 χερσὶν
1056 4267 1161 4353 ἐμῇσι.

155 4368 220 4437 ero
253 4370 380 4448 accedit,
417 4367 495 4448 quod
534 4388 569 4429 ex
606 4372 738 4451 quinque
771 4371 925 4431 infinitivis
962 4368 1046 4430 Scuti
1083 4378 1224 4449 quattuor
1259 4387 1332 4449 pro·
