2984 5092
196 347 261 413 458
690 354 839 404 mmm:
858 352 883 401 N

197 516 317 577 ἔκλυον
340 507 554 599 άμφοτέρων,
578 513 718 599 ἑτέροισι
742 511 779 579 δὲ
801 517 903 592 κῦδος
926 515 1070 580 ἔδωκαν·

195 632 281 686 τοῖοι
308 618 484 705 Μηριόνης
506 647 541 687 τε
564 620 619 687 καὶ
640 618 827 706 Ἰδομενεὺς
851 616 1086 706 άχοὶ-άνδρῶν

197 723 296 813 ἤισαν
321 728 354 805 ές
376 724 523 812 πόλεμον
547 730 790 814 κεκορυθμένοι
815 735 932 794 αίθοπι
957 731 1074 817 χαλκῶ.

196 831 256 899 τὸν
279 828 334 899 καὶ
360 833 538 920 Μηριόνης
560 834 720 918 πρότερος
742 833 825 921 πρὸς
847 838 962 919 μῦθον
985 839 1128 901 ἔλειπεν·

197 945 431 1026 ,,Δευκαλίδη,
455 945 499 1028 πή
523 939 552 1007 τ’
579 937 621 1026 άρ
645 945 790 1029 μέμονας
814 944 998 1009 καταδῦναι
1023 938 1157 1026 ὅμιλονς

196 1045 217 1136 ή
243 1048 294 1116 ἐπὶ
318 1046 470 1134 δεξιόφιν
493 1047 618 1130 παντὸς
641 1054 800 1136 στρατοῦ,
824 1046 844 1135 ή
868 1045 933 1116 άνά
957 1049 1114 1135 μέσσους,

197 1152 217 1243 ή
243 1154 291 1223 ἐπ’
318 1151 551 1243 άριστερόφιν;
576 1157 645 1223 ἐπεὶ
669 1155 711 1223 οὔ
734 1166 815 1223 ποθι
840 1158 1002 1242 ίέλπομαι
1026 1154 1133 1236 οὕτως

197 1263 357 1331 δεύεσθαι
381 1265 538 1349 πολέμοιο
562 1262 841 1350 καρηκομόωντας
862 1261 1043 1350 Ἀχαιούς.“

284 1369 346 1436 τὸν
370 1368 401 1436 δ’
428 1362 500 1437 αὖτ’
524 1366 710 1455 Ἰδομενεὺς
733 1374 878 1456 Κρητῶν
901 1365 982 1456 άγδς
1004 1365 1119 1438 άντίον
1142 1369 1244 1458 ηὔδα·

196 1478 324 1561 ,νηυσὶ
347 1477 409 1563 μὲν
433 1480 468 1544 ἐν
492 1478 653 1564 μέσσῃσιν
677 1466 819 1561 άμύνειν
842 1477 906 1545 εἰσὶ
929 1477 984 1544 καὶ
1007 1477 1119 1561 άλλοι,

199 1586 339 1664 Αἴαντές
361 1611 396 1651 τε
420 1584 491 1652 δύω
519 1583 665 1670 Τεῦκρός
687 1581 737 1664 θ’,
762 1583 799 1664 ὃς
821 1583 957 1671 άριστος
977 1582 1116 1670 Ἀχαιῶν

197 1691 378 1779 τοξοσόνη,
403 1688 532 1778 άγαθός
556 1691 592 1759 δὲ
615 1692 671 1757 καὶ
695 1693 731 1758 ἐν
756 1695 872 1779 σταδίη
897 1689 1034 1780 ὑσμίνη·

199 1801 233 1865 οἵ
255 1825 313 1884 μιν
336 1795 423 1884 ἅδην
447 1799 546 1866 ἑόωσι
569 1798 624 1865 καὶ
649 1799 834 1884 ἐσσύμενον
858 1799 1045 1883 πολέμοιο,

200 1903 357 1991 [Ἕκτορα
382 1911 589 1991 Πριαμίδην,
614 1911 644 1972 εί
666 1905 721 1972 καὶ
744 1905 833 1991 μάλα
856 1904 1015 1991 καρτερός
1038 1907 1150 1991 ἐστιν]

199 2011 280 2079 αίπό
301 2020 357 2079 foc
382 2014 539 2092 έσσείται,
562 2012 650 2099 μάλα
673 2038 733 2097 περ
758 2016 904 2098 μεμαῶτι
928 2012 1110 2101 μάχεσθαι,

199 2126 319 2186 κείνων
342 2119 516 2206 νικήσαντι
539 2122 639 2206 μένος
661 2121 715 2187 καὶ
739 2134 849 2207 χεῖρας
872 2117 1020 2201 ἀάπτους

198 2231 281 2311 νήας
304 2229 495 2312 ἐνιπρῆσαι,
519 2225 573 2294 ὅτε
596 2226 641 2313 μή
665 2227 766 2307 αὐτός
789 2255 824 2312 γε
850 2234 1010 2314 Κρονίων

199 2331 337 2418 ἐμβάλοι
361 2333 547 2419 αἰθόμενον
571 2333 677 2402 δαλόν
700 2334 817 2420 νήεσσι
840 2339 973 2422 θοήσιν.

198 2437 299 2524 άνδρὶ
324 2441 363 2507 δέ
384 2439 413 2506 κ’
441 2438 482 2508 οὐ
504 2445 621 2522 δείξειε
645 2443 745 2528 μέγας
772 2442 982 2527 Τελαμώνιος
1006 2453 1105 2530 Αἴας,

199 2547 236 2630 ὃς
258 2547 385 2633 θνητός
407 2546 436 2614 τ’
463 2557 513 2633 είη
537 2548 592 2615 καὶ
616 2554 687 2616 ἔδοι
712 2550 907 2646 Δημήτερος
930 2546 1049 2637 άκτήν,

199 2660 307 2744 χαλκῶ
329 2683 364 2722 τε
387 2655 529 2741 ίρηκτδς
552 2654 729 2741 μεγάλοισί
748 2683 782 2723 τε
805 2661 1043 2743 χερμαδίοισιν.

86 2832 89 2838 ,
199 2761 273 2832 οὐδ’
300 2759 342 2829 άυ
364 2761 507 2850 Ἀχιλλήι
530 2762 713 2849 ίρηξήνορι
737 2763 919 2849 χωρήσειεν

199 2878 235 2938 ἔν
259 2869 289 2958 γ’
317 2868 532 2959 αὐτοσταδίῃ·
556 2870 633 2937 ποσὶ
658 2867 689 2936 δ’
717 2869 758 2937 οὔ
782 2894 851 2948 πως
874 2876 964 2937 ἔστιν
989 2874 1115 2952 ἐρίζειν.

198 2983 283 3047 νῶιν
308 2975 338 3043 δ’
365 2969 424 3044 οἷδ’
452 2974 502 3043 ἐπ’
527 2973 673 3064 ἀριστέρ’
701 2983 752 3062 ε”χε
777 2982 935 3062 στρατοῦ,
960 2974 1050 3062 όφρα
1074 2978 1211 3065 τάχιστα

198 3090 369 3171 λέίδομεν,
394 3082 434 3170 ήέ
454 3111 499 3172 τῳ
523 3076 620 3170 εὖχος
643 3082 801 3170 ὀρέξομεν
824 3082 864 3169 ήέ
883 3112 933 3163 τις
955 3081 1067 3170 ήμίν.“

288 3190 333 3270 ῶς
356 3192 458 3279 φάτο,
487 3190 661 3278 Μηριόνης
685 3190 722 3257 δὲ
745 3195 818 3280 θοῷ
841 3189 1024 3270 άτάλαντος
1038 3189 1134 3277 ’Ἄρηι

199 3295 273 3389 ἦρχ’
300 3310 391 3386 ίμεν,
415 3296 493 3385 ὄφρ’
520 3296 682 3385 άφίκοντο
706 3296 788 3365 κατὰ
814 3297 974 3384 στρατόν,
997 3288 1019 3385 ᾗ
1043 3325 1100 3383 μιν
1125 3297 1256 3386 άνῶχει.

289 3413 324 3474 οἳ
345 3406 376 3474 δ’
404 3404 449 3486 ῶς
470 3403 643 3493 Ἰδομενήα
665 3409 765 3472 ίίδον
789 3405 890 3491 φλογὶ
912 3412 1064 3472 δείκελον
1088 3404 1208 3492 ἀλκήν,
1319 3428 1372 3477 330

200 3513 304 3583 αι’τὸν
327 3514 382 3581 καὶ
405 3513 614 3600 θεράποντα,
637 3511 703 3578 σὺν
726 3516 832 3589 ἔντεσι
857 3515 1099 3589 δαιδαλέοισιν,

271 3716 493 3773 εοσὺεκιοε
567 3719 773 3772 εσσεΕσεε
846 3723 1010 3770 311=221
1086 3715 1309 3773 316b=E410

199 3799 428 3856 318b=M166
505 3801 726 3852 συμποιῶ
800 3794 1004 3853 σταδιοτσ
1080 3798 1300 3854 σκεϋεκνοι

199 3885 413 3937 εειενιενε
482 3883 648 3933 εκεετνσ
713 3874 935 3933 3³0b=2154
999 3882 1372 3935 331=n279etz4ffi

270 4065 321 4114 309
340 4080 382 4129 χρ.
399 4052 433 4112 οὔ
449 4077 515 4111 ποτε
536 4057 622 4111 schol.
638 4057 662 4106 V
679 4087 712 4095 -
727 4052 800 4111 οὕτω
820 4058 840 4111 C
913 4063 965 4112 315
986 4053 1086 4111 ἐλόωσι
1100 4057 1180 4111 codd.
1200 4077 1241 4125 γρ.
1258 4053 1371 4112 ἐάσουσι

198 4137 313 4212 (άσουοι
330 4158 397 4195 corr.
420 4140 460 4191 La
479 4140 582 4207 Roche)
601 4136 687 4191 schol.
708 4137 739 4204 A,
760 4133 841 4192 ἕόωσι
863 4135 951 4192 Cobet
970 4137 1045 4190 misc.
1064 4137 1124 4191 erit.
1139 4143 1201 4204 417,
1221 4137 1319 4190 dubito
1337 4156 1372 4192 an

199 4240 263 4276 vere
286 4253 313 4260 —
336 4221 493 4288 πολεμίζειν
514 4220 575 4273 Zeu.
649 4223 701 4272 316
720 4236 773 4272 om.
790 4217 849 4286 Ac,
870 4218 956 4271 habet
974 4218 997 4270 D
1017 4217 1045 4270 in
1065 4234 1151 4286 marg.
1172 4234 1244 4270 man.
1264 4234 1317 4271 ree.
1339 4248 1372 4257 —

200 4302 227 4357 εί
243 4302 292 4356 καὶ
310 4302 444 4369 scriptum
465 4301 508 4351 est
527 4303 551 4352 E
565 4305 617 4352 410
690 4306 741 4353 318
761 4303 857 4354 κείνου
876 4298 947 4352 εἰὶσε
966 4296 1067 4368 legisse
1087 4296 1180 4367 arguit
1199 4298 1284 4351 schol.
1300 4297 1324 4349 A
1339 4329 1373 4338 -

198 4377 321 4441 α’έπτους
336 4380 477 4448 Aristoph.
547 4384 599 4432 320
615 4377 739 4434 δαάελόν
758 4381 804 4434 hie
823 4383 852 4434 et
872 4381 897 4433 Ο
911 4384 960 4431 421
982 4377 1052 4431 coni.
1073 4377 1138 4431 Sitss
1203 4384 1253 4430 331
1274 4379 1373 4431 δαιδα-

198 4460 315 4515 λέοιοινε
335 4481 376 4529 χρ.
397 4461 606 4530 μαρμαίροντας
625 4458 663 4527 Δ,
683 4463 714 4513 αλ
732 4460 835 4530 legitur
855 4463 957 4513 112‘19.
