2984 5092
622 350 662 357 —-
711 314 774 378 112
821 351 862 361 -

155 483 233 553 runt,
257 475 309 534 sed
333 474 502 554 corruptela
525 493 584 535 non
609 485 668 535 tam
691 496 726 536 ex
751 486 851 537 vetere
875 479 1023 556 scriptura
1047 477 1120 539 lalso
1139 481 1329 561 transcripta,

155 592 242 652 quam
267 593 301 633 ex
326 573 456 633 admixto
480 572 594 652 vulgari
617 592 754 634 sermone
778 584 933 654 procreata
956 595 1022 637 esse
1045 575 1172 638 ridetur.

244 662 396 750 ἀπηύρας
428 690 463 731 ex
497 661 694 752 ἆτιοέ(ε)ρας
726 672 830 733 eodem
864 673 950 735 modo
983 683 1072 754 atque
1106 666 1261 757 ἀπούρας
1292 695 1330 739 ex

155 762 367 853 ἄπολ(ε)ρας,
394 762 603 848 πολύρρηνες
626 783 660 828 ex
686 772 908 851 τολυέρηνες,
934 764 1063 854 λρήτρα
1086 793 1121 834 ex
1144 766 1329 856 δ(ε)ρετρα,

155 861 249 945 ῥινός
271 887 307 928 ex
329 860 494 949 έ(ε)ρινος
516 875 614 927 ortum
638 886 705 927 esse
725 870 779 928 viri
799 868 880 930 docti
898 873 1099 953 consentiunt,
1122 870 1202 932 unde
1222 872 1328 935 Home·

155 984 220 1026 rum
245 957 391 1045 ὐιιεύρας
413 965 442 1024 o
465 962 529 1025 237
555 973 584 1025 et
607 957 764 1044 ἀαεύρων
786 968 818 1027 A
836 964 911 1030 430.
934 968 956 1029 Ι
979 966 1051 1030 131.
1078 969 1109 1030 Τ
1122 966 1176 1032 89.
1198 970 1238 1030 Ψ
1253 967 1328 1033 500.

154 1061 228 1124 508.
252 1083 272 1123 ν
298 1059 360 1124 132
384 1062 494 1122 dixisse
519 1066 580 1122 veri
604 1063 699 1123 simile
723 1072 777 1125 est.

243 1159 369 1242 Θρῇκες
392 1169 422 1221 et
440 1154 590 1239 Θρέικες·
615 1161 727 1223 solutae
751 1171 781 1222 et
804 1165 949 1242 genuinae
969 1164 1080 1225 lormae
1098 1168 1274 1227 memoriam
1293 1166 1329 1227 ad

155 1261 337 1340 Stephanum
375 1257 545 1337 Byzantium
584 1260 709 1321 delatam
747 1280 812 1321 esse
844 1262 920 1322 inira
953 1260 1132 1343 videbimus;
1168 1282 1230 1324 nno
1263 1264 1329 1325 Ιοοο

157 1362 187 1420 l(
210 1357 276 1419 434
300 1358 412 1418 solutae
437 1358 547 1419 lorrnae
571 1358 714 1438 producta
737 1361 832 1437 prima
856 1358 965 1438 syllaba
989 1369 1084 1421 metro
1108 1363 1284 1440 requiritur.

244 1449 422 1536 δηιόωντες
462 1456 490 1515 A
528 1453 591 1518 153
629 1475 664 1517 ex
702 1449 888 1535 δηιόοντες,
926 1450 1091 1537 δηιόωντο
1124 1458 1161 1519 N
1191 1456 1258 1521 675
1292 1479 1331 1522 ex

157 1547 334 1634 δηιόοντο,
362 1544 588 1633 ἐστρατόωντο
618 1552 650 1612 Γ
670 1551 732 1614 187
757 1572 793 1613 ex
816 1547 1051 1634 despondente,
1074 1546 1203 1633 ἀρόωσι
1226 1578 1238 1617 ι
1266 1555 1331 1620 108

156 1671 191 1711 ex
224 1643 381 1733 ὐρόοοσι,
416 1643 614 1731 ἐστιχόωντο
647 1669 683 1710 ex
719 1644 926 1731 ἐστιχόοντο,
962 1645 1099 1733 φόωσδε
1131 1673 1166 1714 ex
1199 1647 1334 1735 φόοσδε

157 1751 313 1828 depravata
338 1767 404 1809 esse
427 1767 481 1808 suo
506 1749 569 1809 loeo
593 1748 871 1810 demonstrabimus.

243 1842 389 1927 στέωμεν
416 1846 443 1905 A
467 1844 532 1909 348
556 1855 586 1907 et
609 1847 642 1911 X
662 1844 724 1908 231
750 1866 785 1907 ex
809 1841 963 1928 anderten,
992 1843 1137 1929 κτέωμεν
1160 1871 1179 1930 χ
1203 1848 1271 1912 216
1295 1870 1334 1913 ex

154 1940 305 2026 κτέομεν,
335 1940 441 2025 ἕωμεν
473 1945 504 2004 T
527 1941 592 2005 402
621 1963 656 2004 ex
686 1938 799 2024 ἕομεν,
827 1940 960 2026 θέωμεν
991 1966 1017 2006 ω
1045 1944 1111 2009 485
1138 1966 1174 2008 ex
1202 1943 1335 2030 θέομεν

156 2054 220 2104 orta
246 2044 338 2104 videri
362 2043 437 2104 inira
461 2042 662 2121 probabimus.

245 2132 452 2220 δηκνύμενος
483 2140 505 2200 Ι
539 2138 609 2201 196.
643 2138 663 2200 δ
696 2137 738 2200 59
771 2149 802 2201 et
833 2137 1012 2221 dedignetur
1042 2150 1072 2202 et
1103 2134 1243 2222 δήδεκτο
1275 2160 1334 2222 pro

156 2231 372 2319 δεικνύμενος
405 2233 592 2318 δειδέχαται
624 2235 772 2299 δείδεκτο
805 2238 961 2299 scribenda
990 2257 1056 2300 esse
1085 2258 1143 2301 non
1171 2242 1235 2300 sine
1267 2242 1334 2301 veri

157 2339 255 2416 speeie
279 2339 406 2396 coniecit
429 2336 468 2397 lo.
493 2336 755 2415 ll'aolrernagelius
778 2338 808 2396 in
832 2336 913 2396 Bezz.
937 2335 1027 2396 Beitr.
1051 2335 1089 2395 1v
1113 2334 1186 2399 209.

245 2435 265 2512 ᾗ
289 2433 340 2495 62.
378 2434 576 2495 Transeamus
600 2437 657 2495 iam
681 2434 717 2494 ad
740 2433 813 2493 alios
836 2451 964 2512 errores,
987 2435 1039 2512 qui
1063 2436 1170 2513 partim
1194 2434 1332 2496 nondum

157 2534 267 2594 detecti
291 2542 369 2613 sunt,
393 2535 500 2613 partim
524 2533 656 2610 longiore
680 2534 935 2610 argumentatione
958 2531 1100 2610 indigent.

241 2621 336 2691 Ἠὐτε
359 2649 420 2710 περ
443 2623 568 2710 κλαγγή
593 2622 746 2709 ηερόνων
768 2623 858 2689 ιιέλει
882 2620 1049 2708 οὐρανόθι
1072 2621 1137 2708 πρό
1161 2623 1209 2710 (Γ
1227 2622 1274 2711 3).

157 2732 249 2789 llerrte
283 2728 355 2788 Lud.
390 2728 552 2789 Abrerrsius
585 2727 678 2787 llhen.
711 2726 785 2788 lllus.
817 2727 843 2787 ll
878 2724 940 2788 166
974 2717 1142 2807 οὐρανόθι
1174 2719 1247 2808 mpod
1282 2726 1330 2789 rel

157 2828 256 2904 potins
289 2817 457 2906 οὐρανόθι
485 2817 557 2910 πρῴ
586 2824 802 2885 emendandum
831 2844 896 2885 esse
926 2823 1083 2902 intellexit,
1116 2843 1205 2903 quem
1234 2824 1331 2884 lacem

156 2926 373 3004 praeferentem
397 2923 526 2983 editores
546 2941 605 2982 non
630 2937 748 2981 securos
772 2941 837 2982 esse
861 2932 913 2982 tuo
937 2923 1002 2981 inre
1027 2921 1199 3001 indigneris.
1254 2920 1330 2982 Nam

157 3040 253 3101 ireque
281 3013 345 3100 αρό
375 3040 443 3080 oum
466 3020 614 3098 adverbio,
638 3019 717 3097 <prod
741 3019 858 3079 locativi
882 3038 969 3079 easns
993 3022 1086 3079 vicem
1110 3019 1236 3100 obtinet,
1259 3036 1330 3080 eon·

156 3121 237 3197 iungi
266 3126 377 3198 potest,
405 3127 435 3179 οι
464 3120 605 3198 temporis
634 3120 769 3177 matutini
793 3126 878 3178 antea
902 3119 959 3177 iam
983 3120 1164 3178 mentionem
1188 3119 1329 3177 iniectam

156 3236 221 3275 esse
251 3236 353 3276 versus
382 3219 527 3295 septimus
555 3216 641 3275 docet
667 3205 776 3294 ἠέριαι
805 3205 836 3276 δ’
867 3206 933 3295 ἄρα
961 3214 1017 3274 ταί
1041 3234 1078 3293 γε
1101 3205 1209 3293 κακήν
1232 3210 1330 3293 ἔριδα

156 3309 392 3394 προφέρονται.

245 3411 356 3472 Eodem
381 3412 467 3472 modo
491 3413 579 3471 etiam
601 3402 690 3490 ήωθι
714 3403 786 3494 πρςό
805 3410 836 3471 A
855 3407 906 3471 50.
931 3429 946 3470 ε
969 3407 1044 3471 469.
1069 3408 1145 3485 ζ36
1163 3427 1218 3489 pro
1236 3399 1329 3489 ήῶθι

155 3504 219 3590 τιρό
248 3510 457 3588 orrrrigendum
486 3510 549 3570 luit.
596 3508 706 3568 Fraudi
733 3518 830 3568 autem
860 3508 916 3568 luit
944 3508 1013 3567 lalsa
1043 3508 1130 3569 lectio
1160 3497 1329 3585 οὐρανόθι

156 3602 220 3691 πρό
237 3611 297 3668 sire
313 3610 427 3668 auctori
442 3610 503 3667 sire
520 3606 725 3686 interpolatori
740 3625 879 3667 versuum
895 3606 923 3665 0
937 3602 1000 3665 561
1021 3598 1145 3683 Τρώων
1159 3596 1330 3665 καιόντων

156 3700 244 3789 παρὰ
277 3706 416 3786 φαίνετο
445 3697 562 3767 Ἰλιόθι
595 3697 676 3781 τρό,
708 3714 738 3764 et
771 3704 808 3764 N
837 3699 901 3762 349
934 3693 1036 3781 ήθελε
1068 3694 1153 3763 λαὸν
1186 3692 1329 3763 ὀλέσθαι

153 3797 307 3885 Ἀχαικὸν
332 3795 451 3865 Ἰλιόθι
479 3795 559 3884 πρό,
592 3810 622 3862 et
645 3804 671 3862 θ
693 3798 756 3863 581
783 3786 803 3880 ή
826 3799 876 3873 τίς
898 3819 950 3860 τοι
973 3793 1028 3858 καὶ
1052 3790 1147 3879 πηδς’
1159 3788 1330 3877 ἀπέφθιτο

154 3893 272 3964 Ἰλιόθι
300 3894 381 3983 πρό,
414 3905 476 3963 sive
502 3893 644 3962 Ἰλιόθεν
672 3891 736 3979 πρό
765 3900 826 3958 sive
852 3887 950 3957 Ἰλίοο
978 3889 1042 3978 αρό
1071 3904 1188 3976 poetam
1216 3895 1330 3957 dixisse

156 4008 207 4060 aut
230 4000 330 4060 dicere
354 3999 493 4060 debuisse
516 3999 635 4059 sentias.

246 4093 344 4177 δήιον
371 4099 402 4157 in
430 4096 561 4157 clausula
590 4113 709 4172 versus,
737 4094 816 4153 velut
847 4094 881 4152 ii
903 4089 966 4152 301
999 4080 1043 4163 (ὃς
1072 4082 1205 4151 Δαναοὶ
1232 4087 1330 4169 νηῶν

156 4189 217 4273 μὲν
250 4186 465 4272 ἀπωσόμενοι
493 4185 591 4273 δήιον
619 4189 701 4272 τιύρ,
734 4201 764 4251 et
793 4189 898 4271 δηίων
926 4192 956 4249 in
987 4188 1121 4249 versibus
1149 4187 1331 4267 spondulum,

158 4293 236 4352 velut
265 4293 291 4351 B
320 4289 386 4352 544
419 4283 577 4368 θώρηκας
609 4282 721 4370 ῥήξειν
755 4286 860 4368 δηίων
892 4278 978 4366 ἀμφὶ
1011 4279 1194 4365 στήθεσσιν
1226 4292 1331 4363 partes

158 4391 308 4468 arrrrpaosti
341 4389 459 4468 explere
490 4405 589 4467 nemo,
618 4388 669 4467 qui
698 4389 813 4446 artritnn
843 4403 932 4467 sensu
966 4402 1025 4443 non
1053 4383 1138 4462 plane
1166 4382 1332 4444 destitutus
