2962 5070
623 317 861 379 —107-

168 475 279 539 11420
302 486 333 539 et
354 470 549 558 άγακλειτοί
568 479 596 540 Β
614 476 689 540 564.
712 479 756 540 Μ
775 477 853 560 1013
878 499 931 540 nos
956 489 1081 560 utraque
1106 481 1198 540 lorma
1218 482 1328 540 reiecta

168 587 273 638 veteres
302 576 411 638 lormas
435 576 570 638 diductas
592 567 749 651 άκλεάεάς
777 572 949 660 έορρεάεός
978 574 1161 659 ζαχρεάὲων
1190 573 1329 650 culleos

164 671 270 738 σκέάεῑ
290 669 523 738 κολυκλέάιτοι
546 675 726 736 revocandas
750 694 816 736 esse
840 694 1005 736 censemus.

236 766 323 856 Ἀρη
347 765 484 854 οῖ”Αρει
504 775 535 834 Ε
552 772 625 835 757.
651 773 682 834 Φ
707 772 778 835 112.
802 771 883 855 431,
905 792 960 833 nos
983 792 1051 834 cum
1076 782 1236 853 utrumque
1257 774 1329 834 terri

164 891 245 952 posse
271 872 449 953 rideremus,
471 875 678 933 auctoritatem
702 872 814 934 codicis
836 874 941 951 optimi
964 874 1060 932 secuti
1083 889 1195 931 sumus.

244 963 402 1056 κεχάνδει
435 979 464 1031 ct
495 964 638 1051 κεχάνδη
667 971 700 1031 st
730 968 806 1050 192,
837 961 902 1051 ᾔδη
931 978 961 1030 et
988 960 1062 1051 ᾔδει
1092 973 1121 1029 A
1146 967 1195 1030 79.
1224 970 1253 1029 Β
1276 968 1328 1031 38.

162 1067 221 1131 213
241 1078 299 1129 etc.
319 1068 533 1149 Aristarchum,
556 1071 642 1130 cuius
667 1071 787 1149 vestigia
811 1068 882 1147 legit
905 1067 1045 1128 librarius
1068 1067 1179 1128 codicis
1200 1066 1268 1127 Ven.
1288 1071 1331 1146 A,

162 1166 269 1247 ubique
301 1158 367 1248 ᾔδη
396 1167 566 1228 exhibuisse
595 1166 736 1246 Didymus
764 1166 801 1228 ad
831 1169 861 1229 E
887 1165 943 1247 64,
976 1166 1071 1245 Etym.
1099 1165 1136 1233 hl.
1164 1162 1243 1245 419,
1275 1162 1328 1245 25,

160 1265 330 1345 Anonymus
352 1263 480 1324 Belslseri
503 1263 636 1325 anecdot.
659 1283 687 1343 p.
710 1263 793 1326 1288
817 1265 938 1346 docent,
962 1273 1064 1325 contra
1084 1263 1222 1343 Cohetus,
1246 1265 1329 1325 misc.

160 1365 221 1423 crit
253 1381 282 1441 p.
309 1359 377 1424 300
406 1369 506 1441 spreta
539 1362 703 1423 Aristarchi
735 1372 765 1424 et
797 1363 934 1424 codicum
968 1364 1144 1423 summitate
1177 1361 1327 1440 analogiae

160 1460 238 1539 leges
266 1459 344 1521 solas
372 1459 539 1540 probandas
567 1468 598 1520 et
627 1470 658 1520 ut
685 1454 839 1540 κεχάνδει
867 1454 1034 1541 έτεθήπει,
1065 1462 1108 1519 sic
1136 1462 1224 1525 etiam
1252 1453 1327 1542 ᾔδει
1431 1504 1438 1515 .

156 1557 344 1619 scribendum
364 1578 430 1619 esse
448 1559 574 1620 censuit.
612 1556 671 1617 Nos
691 1567 751 1619 tam
769 1569 888 1621 cautum
905 1569 1023 1638 tamque
1039 1558 1171 1618 sobrium
1187 1560 1324 1619 criticum

155 1655 358 1717 Aristarchum
387 1659 536 1736 novimus,
571 1664 604 1716 ut
632 1675 700 1717 eum
728 1677 786 1718 non
816 1659 894 1736 quod
924 1656 1325 1738 Atheniensemllomerum

155 1755 244 1814 luisse
273 1756 400 1835 putarit,
428 1757 547 1816 atticam
576 1756 699 1815 sormam
723 1746 788 1837 ᾔδη
812 1756 959 1816 invexisse
983 1755 1153 1835 credamus,
1181 1753 1232 1815 sed
1257 1757 1324 1833 (pria

154 1851 227 1913 banc
256 1856 381 1912 lormam
410 1862 441 1914 et
468 1857 499 1914 in
522 1855 585 1914 suis
608 1853 762 1915 codicibus
785 1855 898 1914 hivenit
921 1862 951 1914 et
975 1872 1010 1913 ex
1033 1871 1085 1913 ore
1110 1853 1324 1932 rhapsodorum

155 1951 263 2011 veteris
287 1953 538 2028 pronuntiationis
562 1953 710 2012 tenacium
734 1951 858 2028 excepit.

240 2046 336 2126 βλεῖο
359 2057 389 2107 et
411 2045 494 2128 βλῆο
519 2048 557 2108 Ν
576 2045 655 2128 288;
684 2046 805 2108 alteram
834 2047 1004 2129 lectionem,
1033 2057 1066 2109 ut
1093 2068 1169 2128 quae
1193 2048 1323 2127 analogia

156 2149 317 2209 formarum
333 2136 496 2224 βλήμενος
510 2143 612 2225 βλῆτο
627 2137 761 2225 βλήεται
776 2145 1044 2227 commendaretur,
1054 2149 1160 2207 merito
1171 2146 1324 2208 hellerus

154 2246 285 2307 Cohetus
307 2243 459 2304 Nauclrius
482 2252 725 2323 anteposuerunt.

239 2340 352 2425 μεθίει
388 2352 418 2403 et
454 2341 556 2422 μεθίη
591 2342 623 2403 Φ
655 2341 711 2422 72,
747 2338 897 2420 καθῆσεν
930 2351 961 2403 et
992 2345 1150 2405 καθεῖσεν
1183 2345 1217 2403 Σ
1247 2343 1323 2421 389,

153 2434 322 2523 ιἰιιαχήατο
346 2449 376 2501 ct
398 2433 572 2520 άιιαχείατο
595 2441 640 2502 Μ
656 2439 728 2520 179,
752 2431 859 2511 ἐάσεις
882 2448 912 2500 et
935 2433 1034 2522 ἐάσης
1055 2444 1084 2501 Y
1100 2440 1174 2521 311,
1200 2457 1324 2522 σμαρα-

152 2532 237 2622 prior]
258 2547 289 2599 et
307 2533 512 2618 σμαραγήσει
533 2537 565 2598 Φ
585 2535 657 2618 199,
676 2528 815 2598 ἀνάσσει
834 2546 864 2598 et
882 2529 1061 2599 άνασσεΦ
1080 2538 1131 2618 86,
1155 2536 1324 2619 ἐπισχοίης

152 2648 181 2700 et
208 2634 374 2716 ἐιίσχοιες
396 2631 426 2704 Ξ
446 2633 521 2716 241,
543 2638 645 2715 θηοῑο
670 2638 833 2697 οι·θειοϊο
856 2636 890 2696 Ω
912 2633 987 2710 418,
1010 2628 1173 2715 φοιτήτην
1197 2646 1227 2698 et
1250 2658 1322 2716 φοι-

152 2736 261 2816 τείτην
285 2735 329 2796 Μ
347 2730 422 2814 266,
445 2728 576 2813 Πηλέος
599 2741 629 2793 et
652 2727 791 2812 Πηλέως
814 2736 844 2793 Α
867 2731 945 2813 489,
968 2719 1048 2812 ηὖτε
1071 2744 1101 2793 et
1124 2719 1197 2795 εὖτε
1220 2734 1252 2794 Γ
1274 2733 1323 2813 lb,

155 2835 185 2896 Τ
207 2831 288 2911 386,
320 2825 421 2912 χέρηα
453 2840 483 2892 et
509 2827 619 2911 χέρεια
648 2832 680 2890 Δ
708 2827 781 2891 499.
809 2827 839 2900 Ξ
865 2829 939 2893 382.
968 2827 984 2905 ξ
1015 2830 1077 2893 176
1102 2825 1142 2914 (v.
1168 2832 1322 2894 La-lloehe

152 2932 235 2993 llom.
264 2929 386 2991 Textkr.
414 2949 442 3008 p.
470 2927 534 2990 378
563 2921 655 3009 sqq),
687 2926 758 3007 μείς
781 2937 811 2988 et
833 2922 896 3008 μής
928 2928 958 2988 Τ
984 2927 1059 3008 117,
1091 2928 1260 3010 πετεηνῶν
1292 2940 1323 2992 et

151 3025 329 3091 κετεεινῶν
353 3028 382 3087 Ρ
402 3023 475 3108 675,
498 3018 566 3107 μήν
589 3035 619 3086 et
642 3019 703 3105 μέν
721 3026 750 3085 Β
770 3023 844 3087 291.
863 3026 897 3086 Ω
917 3022 969 3088 52.
988 3042 1012 3084 π
1030 3023 1110 3106 446,
1134 3027 1208 3088 haec
1232 3030 1270 3088 lta
1290 3030 1321 3088 iu

152 3126 306 3188 codicibus
330 3128 451 3204 variant,
476 3132 508 3185 ut
531 3124 651 3185 difficile
675 3123 710 3184 ad
735 3123 956 3184 diiudicandum
980 3126 1032 3204 sit,
1057 3133 1157 3185 utrum
1181 3145 1197 3185 a
1222 3134 1321 3186 reterre

151 3227 301 3304 scriptura
343 3225 421 3284 varie
463 3225 641 3302 transcripta
682 3240 720 3282 an
760 3221 797 3281 ah
839 3222 974 3282 socordia
1011 3221 1199 3284 librariorum
1238 3226 1321 3303 origo

151 3322 303 3382 varietatis
327 3319 487 3400 repetenda
511 3321 558 3381 sit

239 3418 260 3496 ξ
284 3415 336 3480 58.
381 3414 453 3496 βῶν
481 3426 511 3478 et
537 3414 624 3496 βοῦν
647 3417 686 3477 Η
705 3415 784 3498 238;
812 3437 866 3478 nos
889 3417 1060 3478 Aristarcho
1083 3418 1155 3498 βῶν
1178 3419 1321 3481 scribenti

151 3534 265 3578 morem
284 3517 439 3596 gessimus,
454 3524 488 3577 ut
506 3517 570 3594 ipsa
589 3516 682 3577 forma
702 3524 820 3575 scutum
840 3514 979 3575 bovinum
994 3535 1009 3576 a
1026 3515 1098 3576 hove
1113 3517 1321 3596 distinguatur.

238 3604 390 3675 πεπτεότ’
425 3622 455 3674 et
486 3604 642 3674 πεπτεῶτ’
680 3611 712 3673 Φ
743 3609 816 3673 593.
850 3633 869 3692 χ
901 3611 980 3694 384,
1009 3633 1076 3694 nos,
1104 3634 1171 3676 cum
1200 3615 1321 3676 Homeri

150 3720 245 3772 aetate
269 3710 375 3772 Graeci
402 3701 574 3771 πεπτεῶτ’
604 3711 704 3771 dicere
728 3710 859 3771 nondum
883 3710 1007 3772 desiisse
1031 3714 1194 3792 videantur,
1218 3713 1320 3774 dirluc·

151 3816 210 3871 tam
233 3809 359 3869 formam
383 3817 413 3869 et
437 3808 555 3869 brevem
580 3808 709 3869 vocalem
733 3812 964 3887 anteposuimus.

236 3899 411 3986 σφεδανόν
435 3915 466 3967 et
489 3903 668 3985 σφεδανάν
690 3903 813 3987 41542,
837 3906 928 3968 altera
952 3907 1039 3968 lectio
1064 3909 1099 3967 iis
1120 3912 1320 3986 grammaticis

150 4002 254 4065 deberi
279 4003 404 4084 videtur,
428 4007 479 4084 qui
502 4003 636 4065 ultimam
659 4005 799 4084 syllabam
823 4007 850 4065 vi
874 4009 951 4066 ictus
974 4004 1099 4084 produci
1122 4024 1209 4084 posse
1234 4027 1319 4087 nega-

148 4099 221 4162 bant
243 4109 296 4162 aut
319 4119 378 4162 nou
402 4103 606 4162 meminerant.

237 4191 351 4279 άοορτο
375 4207 405 4259 et
427 4190 529 4279 άορτο
554 4198 586 4260 Γ
600 4197 664 4262 272
689 4210 719 4262 et
746 4201 776 4262 T
790 4199 868 4282 2533
892 4201 1012 4262 brevem
1037 4202 1165 4262 vocalem
1189 4203 1320 4284 analogia

149 4297 291 4358 similium
324 4296 539 4377 perlectorum,
572 4298 651 4360 velut
679 4298 781 4361 ἔολπα
809 4298 909 4377 ἔοργα
937 4298 1057 4378 ἔμμορε
1086 4298 1219 4381 ε”ρθορα
1247 4305 1319 4363 satis

150 4404 260 4457 tuetur.
307 4393 392 4465 erod
419 4394 514 4455 solum
539 4397 568 4455 in
593 4399 770 4458 contrariam
795 4405 908 4476 partem
933 4396 1050 4457 trahere
1075 4396 1192 4458 videtur
1216 4397 1318 4480 ε’ωθα,
