2962 5070
192 341 258 405 322
681 345 832 396 ΙΔΙΑΔΟΣ
851 347 872 396 z

192 497 295 567 ὅσσον
319 498 395 583 σεῖ’,
419 499 474 567 ὅτε
496 500 554 567 κέυ
576 527 626 580 τις
646 498 786 587 Ἀχαιῶν
808 502 1063 590 χαλκοχιτώνων

192 607 422 693 δακρυόεσσαν
445 605 581 692 ἄγηται,
605 607 786 694 ἐλεύθερον
809 601 898 696 ήμαρ
921 609 1080 696 ἀπούρας.

190 719 249 780 καί
268 739 326 780 κεν
350 716 386 780 ἐν
402 711 515 800 Ἄργει
539 715 641 781 ἐοῦσα
663 713 747 800 πρὸς
770 713 873 801 άλλης
896 714 990 784 ι’στὸν
1012 714 1186 804 ὑφαίνοις,

190 826 250 887 καί
268 847 326 887 κεν
349 819 442 907 ὕδωρ
466 822 601 906 φορέοις
626 825 819 906 Μεσσηίδος
841 817 862 907 ἢ
882 819 1049 909 Ὑπερείης

190 923 286 993 πόλλ’
312 922 550 1012 ἀίεκαζομένη,
574 926 716 1013 κρατερή
741 924 772 994 δ’
799 926 968 1022 ἐπικείσετ’
994 926 1132 1016 ἀνάγκη.

190 1039 248 1100 καί
268 1033 349 1099 ποτέ
369 1058 418 1112 τις
439 1038 572 1120 ίείπησι
595 1032 703 1101 ἀιδών
726 1034 809 1101 κατὰ
833 1033 941 1120 δάκρυ
963 1031 1161 1121 χέλουσαυ·’

190 1137 350 1226 ,Ἕκτορος
373 1137 433 1224 ήδε
456 1138 558 1226 γυνή,
583 1134 619 1218 δς
641 1136 854 1226 ἀριστεύεσκε
877 1140 1043 1226 μάχεσθαι
1311 1163 1364 1212 460

195 1246 321 1335 Τρώων
345 1243 561 1331 ἱπποδάμων,
584 1243 638 1312 ὅτε
653 1243 760 1313 Ἴλιον
782 1243 1039 1334 ἀμφεμάχοντο(

192 1350 237 1432 ἀς
260 1354 341 1420 ποτέ
362 1380 411 1431 τις
432 1353 552 1438 ίερεέι·
585 1351 640 1419 σοὶ
664 1350 696 1418 δ’
722 1344 766 1419 αὖ
788 1354 868 1421 νεόυ
892 1358 1021 1422 ἔσσεται
1044 1352 1146 1440 ἀλγος

192 1458 285 1545 χήτει·
306 1455 434 1526 τοιοῦδ’
461 1455 600 1544 ἀνδρός,
624 1456 766 1545 ἀμύνειν
790 1459 929 1528 δούλιον
952 1454 1059 1549 ἦμαρ·

190 1564 275 1633 ἀλλά
299 1593 340 1652 με
362 1570 537 1652 τεθνηῶτα
560 1561 641 1651 χυτή
664 1563 746 1631 κατὰ
769 1579 847 1651 γαῖα
870 1567 1043 1653 καλύπτοι,

190 1679 271 1760 πρίν
294 1674 334 1758 γε’
354 1699 385 1740 τι
410 1677 469 1758 σής
492 1698 527 1740 τε
550 1675 631 1757 βοής
655 1676 719 1739 σού
741 1671 777 1738 θ’
804 1673 986 1760 ἑλκηθμοῖο
1009 1675 1214 1742 πυθέσθαι.“
1310 1694 1362 1743 465

280 1776 324 1858 ώς
345 1777 472 1846 λειπών
494 1782 560 1845 fos)
582 1779 701 1857 παιδός
723 1776 858 1865 ὀρέξατο
882 1785 1042 1867 φαίδιμος
1056 1777 1193 1867 Ἕκτωρ.

82 1951 86 1957 ,
190 1883 238 1968 ἀφ
262 1883 293 1953 δ’
320 1882 338 1952 ό
363 1885 440 1963 πάις
461 1881 544 1970 πρὸς
567 1882 694 1951 κόλπον
716 1885 873 1966 ἐυζώνοιο
896 1886 1038 1973 τιθήνης

190 1995 328 2078 ἐκλίνθη
350 1989 478 2078 ίιάχων
501 1988 627 2077 πατρὸς
649 1997 752 2077 φίλου
775 1989 855 2071 ὄψιν
878 1991 1050 2079 ἀτυχθείς,

189 2099 358 2187 ταρβήσας
380 2095 504 2184 χαλκόν
527 2123 562 2164 τε
585 2096 636 2164 ἰδὲ
659 2095 768 2184 λόφον
792 2100 1018 2186 ἱππιοχαίτην,

190 2204 327 2275 δίεινόν
350 2201 407 2272 ἀπ’
433 2200 616 2290 ἀκροτάτης
638 2203 787 2291 κόρυθος
810 2203 954 2273 νεύοντα
976 2204 1111 2293 νοήσας.
1307 2229 1360 2276 470

190 2315 225 2380 ἐκ
249 2311 280 2379 δ’
307 2314 462 2399 ἐγέλασσε
485 2309 593 2397 πατήρ
616 2336 651 2377 τε
674 2317 772 2396 φίλος
793 2311 849 2378 καὶ
871 2311 991 2380 πότνια
1015 2313 1131 2400 μήτηρ.

189 2417 295 2487 αὐτίκ’
321 2416 386 2486 ἀπὸ
410 2444 531 2504 κρατος
553 2415 675 2504 κόρυθ’
701 2421 805 2486 εἵλετο
829 2410 989 2506 φαίδιμος
1003 2417 1147 2506 Ἕκτωρ,

188 2527 243 2593 καὶ
267 2524 329 2612 τήν
353 2525 415 2612 μὲν
438 2525 621 2610 κατέθηκεν
646 2525 698 2592 ἐπὶ
720 2527 821 2611 χθονὶ
845 2526 1115 2612 παμφανόωσαν,

188 2631 293 2719 αὐτάρ
318 2628 336 2699 δ
358 2631 424 2699 ίὸν
448 2637 550 2718 φίλον
574 2629 650 2698 υίὸν
674 2633 742 2699 ἐπεὶ
766 2633 847 2700 κύσε
870 2635 956 2718 πῆλέ
975 2659 1010 2700 τε
1034 2640 1162 2719 χερσίν,

186 2747 301 2807 λεῖπεν
325 2738 544 2824 ἐπευξάμενος
568 2744 631 2804 Διί
651 2735 680 2804 τ’
706 2737 858 2807 ἀλλοισίν
881 2767 915 2807 τε
939 2749 1085 2807 θεοῖσιν·
1307 2762 1359 2809 κιο

189 2851 282 2931 ,Ζεὺ
305 2844 400 2913 άλλοι
423 2871 458 2912 τε
481 2850 571 2929 θεοί,
596 2843 672 2912 δότε
695 2843 736 2931 δή
759 2846 815 2912 καὶ
838 2846 937 2914 τόνδε
960 2850 1119 2932 γενέσθαι

187 2951 279 3020 παῖδ’
307 2952 404 3039 ἐμόν,
429 2949 473 3031 ὡς
495 2952 550 3018 καλ
573 2951 637 3037 ἐγώ
660 2977 736 3038 περ,
760 2951 941 3040 ἀριπρεπέα
968 2955 1153 3042 Τρώεσσιν,

188 3051 253 3127 ιδδε
277 3065 355 3145 βίην
377 3057 406 3126 τ’
432 3056 568 3144 ἀγαθὸν
590 3059 645 3126 καί
667 3057 767 3127 Ἰλίου
791 3058 843 3146 ἶφι
865 3061 1057 3130 θανάσσειυ.
1241 3052 1246 3061 ’

187 3173 245 3233 καί
265 3170 345 3235 ποτέ
365 3192 415 3244 τις
436 3172 546 3232 «λείποι
568 3166 704 3253 ,πατρὸς
728 3165 759 3235 δ’
786 3165 805 3234 ὅ
828 3193 866 3254 γε
888 3169 1014 3237 πολλὸν
1038 3167 1201 3256 ἀμείνωνι

188 3276 223 3340 ἐκ
247 3276 393 3359 πολέμου
416 3270 572 3341 ἀνιόντα·
604 3276 702 3361 φέροι
726 3272 757 3341 δ’
784 3280 888 3363 ἔναρα
910 3274 1091 3362 βροτόεντα
1305 3298 1357 3346 480

186 3388 318 3460 κτείνας
340 3380 437 3466 δήιον
461 3379 585 3468 ἀνδρα,
608 3387 722 3469 χαρείη
748 3382 784 3449 δὲ
808 3386 916 3470 φρένα
938 3382 1076 3470 μήτηρ.“

276 3484 320 3565 ὣς
342 3485 469 3554 ίειπώυ
492 3486 627 3574 ἀλόχοιο
651 3495 751 3575 φίλης
775 3493 811 3557 εἰι
834 3490 948 3576 χερσὶν
972 3495 1093 3576 ἔθηκεν

186 3599 289 3662 παῖδα
312 3593 389 3661 ίόυ·
421 3591 442 3680 ἢ
467 3592 498 3660 δ’
525 3592 591 3681 ἀρα
614 3621 672 3681 μιν
695 3594 819 3681 κηώδει·
841 3597 955 3677 δέξατο
978 3596 1089 3687 κόλπῳ

187 3701 353 3788 δακρυόεν
375 3700 551 3786 γελάσασα.
596 3701 694 3780 πόσις
717 3699 748 3769 δ’
774 3704 886 3787 ἐλέησε
910 3702 1048 3789 νοήσας,

257 3842 474 3899 ωωξιωι
549 3845 769 3898 ωνελωο
842 3849 1060 3900 ωυεεωο
1128 3850 1354 3901 ωωετωο

189 3928 217 3977 H
230 3930 272 3978 87.

256 4036 309 4084 464
332 4026 386 4085 σεῖ’
406 4032 491 4086 ACD:
520 4034 570 4087 σεῦ
588 4031 865 4100 εοοοίτίἰιιοοεεοειι
879 4036 973 4086 censet
986 4031 1026 4086 La
1039 4032 1133 4088 Roche
1202 4032 1352 4100 456πρδςι

184 4107 252 4165 ποτ’
273 4111 342 4164 coni.
363 4112 463 4165 Nauck
552 4117 603 4165 457
629 4109 742 4180 φορέεις
765 4128 850 4180 supra
873 4131 898 4164 ει
922 4113 1026 4182 scripto
1046 4116 1115 4166 οιΑ
1205 4120 1256 4168 463
1276 4114 1355 4184 χήτει

186 4187 1353 4262 Μωωωωηωιωωω.ωω

185 4267 213 4323 δ’
234 4277 280 4327 Ar.
336 4279 387 4328 478
406 4293 448 4341 γρ.
468 4276 532 4342 βίην
551 4269 666 4341 ἀγαθόν
686 4293 714 4327 τε
735 4274 758 4325 Α
779 4304 810 4311 -
827 4267 921 4327 Ἰλίουε
940 4275 1009 4328 λαοῦ
1027 4272 1147 4346 Bentley
1207 4281 1259 4329 479
1279 4278 1354 4330 είποι

185 4351 312 4419 Αεορτει
330 4351 378 4405 lin.
399 4355 429 4406 et
447 4353 571 4406 Nicanor
589 4351 636 4406 hic
655 4355 684 4407 ελ
707 4353 743 4405 ad
763 4355 792 4405 N
805 4358 870 4406 352:
899 4356 994 4424 είπησι
1013 4353 1084 4408 Aeo
1111 4385 1145 4392 -
1173 4348 1202 4423 γ’
1223 4347 1273 4409 ὅδε
1294 4354 1353 4411 An:

185 4424 1076 4501 fflfflomfflffiffl4mwn
