2962 5070
603 339 841 401 -149-

131 505 294 563 auctoritas
314 502 426 562 codicis
446 501 548 563 Veneti
566 505 596 562 A
616 501 735 562 lectioni
754 495 963 583 καταβήομεν
982 505 1163 582 patrocinari
1182 505 1307 565 ridetur.

132 601 191 661 Sed
214 619 284 660 cnm
307 599 426 660 codices
450 608 480 659 et
498 602 681 678 grammatici
702 618 760 659 rino
780 619 927 660 consensu
949 600 975 659 Z
997 598 1059 661 113
1078 600 1169 679 βείω,
1195 603 1224 660 0
1242 600 1305 662 207

131 696 284 778 στείομεν
317 696 478 776 praebeant
506 704 536 757 et
563 700 821 759 coniunctirorum
850 693 988 778 στέομεν
1018 699 1048 758 A
1077 696 1151 760 348.
1180 701 1210 759 Χ
1233 697 1307 782 231,

130 789 269 875 κτέομεν
293 816 311 875 χ
336 792 414 875 216,
437 789 562 875 θεόμεν
587 815 612 855 ω
636 792 702 856 485
726 796 834 856 vocalis
859 798 869 855 i
893 795 1043 855 subtracta
1068 795 1197 876 facilius,
1221 796 1306 857 siah

131 912 244 973 ειομεν
272 911 359 973 qnam
389 892 474 952 siah
497 912 601 973 ῃομεν
625 894 856 973 proficiscimur,
880 893 1045 972 explicetur
1069 902 1098 953 et
1122 894 1306 976 defendatur,

132 993 221 1051 etiam
246 993 276 1050 in
301 990 376 1051 libro
400 991 514 1050 decimo
538 990 696 1051 lectionem
720 990 1163 1071 οοι11οιιωοοκαταβείομεν
1186 991 1307 1052 Ιοοῑίοοί

130 1088 243 1149 codicis
266 1092 296 1150 A
311 1082 521 1169 καταβήομεν
540 1092 763 1168 anteposuimus
779 1093 909 1168 itemque
925 1089 1032 1149 editori
1051 1088 1199 1168 Odysseae
1211 1090 1227 1165 ζ
1240 1088 1306 1151 262

130 1184 321 1269 ἐπιβείομεν
344 1207 411 1248 cum
435 1187 609 1248 melioribus
632 1187 717 1247 libris
736 1187 927 1248 scribendum
946 1187 1196 1248 commendamus.
1233 1188 1305 1248 Nam

130 1294 272 1364 quattuor
291 1285 349 1346 illis
368 1287 441 1347 locis
462 1287 492 1345 A
511 1284 585 1348 348.
610 1286 643 1345 X
657 1284 732 1347 231.
755 1307 773 1365 χ
798 1283 871 1345 216.
895 1305 922 1344 ω
946 1281 1010 1346 485
1034 1285 1144 1345 formas
1168 1285 1305 1347 diductas

130 1380 271 1464 στεόμεν
289 1371 425 1466 κτέομεν
441 1381 564 1465 θέομεν
580 1385 683 1444 formis
703 1403 775 1443 nom
793 1384 920 1461 synizesi
934 1383 1145 1444 contrahendis
1160 1378 1305 1462 στέωμεν

128 1477 277 1563 κτέωμεν
305 1480 454 1564 θέωμεν,
483 1502 558 1562 qnam
586 1483 683 1543 adhuc
712 1499 815 1541 amires
843 1479 935 1540 libros
958 1488 988 1539 ct
1012 1481 1157 1541 editiones
1173 1500 1305 1560 occupa-

131 1588 250 1660 rerunt,
283 1580 369 1658 longe
407 1583 538 1658 potiores
576 1599 641 1640 esse
679 1598 765 1640 neruo
800 1581 931 1638 nrorritus
964 1578 1091 1656 negabit.
1145 1579 1305 1659 Postquam

129 1688 230 1738 antem
259 1677 395 1739 codicum
424 1680 630 1739 anctoritatem
659 1681 756 1738 secuti
779 1676 931 1756 στείομεν
955 1684 985 1735 et
1008 1670 1145 1756 στέομεν
1168 1677 1304 1755 probavi-

130 1794 210 1856 muS,
238 1784 471 1837 consentancum
501 1777 570 1856 fnit,
600 1784 633 1835 ut
657 1775 814 1836 lectionem
836 1766 1043 1856 αεριστείωσ’
1070 1777 1099 1835 P
1119 1774 1161 1838 115
1185 1777 1305 1837 lectioni

127 1865 329 1954 κεριστήωσ’
356 1875 583 1953 praeferremus.
618 1872 847 1952 impeditissima
871 1893 940 1934 vero
964 1882 1009 1935 est
1034 1876 1167 1953 quaestio
1191 1874 1227 1935 de
1248 1876 1304 1935 for·

128 1975 185 2033 mis
208 1973 358 2032 secundae
382 1981 412 2032 et
436 1974 541 2032 tertiae
568 1990 727 2053 personae,
752 1991 827 2052 equae
847 1991 862 2031 a
884 1972 975 2033 vocali
1001 1993 1017 2033 ε
1043 1981 1073 2032 ct
1097 1993 1118 2052 q
1147 1975 1303 2054 incipiunt,

128 2070 277 2149 siquidem
315 2078 345 2130 et
382 2070 500 2131 codices
538 2072 781 2150 grammaticique
820 2073 927 2131 incerti
959 2069 1105 2131 fluctuant
1137 2078 1166 2130 et
1199 2079 1304 2131 natura

130 2167 238 2227 vocalis
275 2187 295 2247 ῃ
331 2165 365 2227 ad
399 2168 623 2229 antecedentem
657 2168 786 2228 vocalem
819 2168 1032 2228 deflectendum
1067 2170 1124 2228 rim
1158 2169 1304 2247 quamam

127 2267 298 2326 exercuisse
341 2266 471 2346 videtur,
512 2284 570 2344 qua
607 2265 644 2325 de
682 2285 713 2326 re
751 2266 887 2326 conferas
924 2265 1093 2326 bethenim
1130 2264 1214 2326 llom.
1260 2265 1302 2329 Bl.

130 2364 141 2424 l
165 2362 239 2425 227.
290 2365 386 2445 Atque
416 2383 519 2425 corum
544 2365 664 2444 quidem
688 2363 860 2444 verborum,
884 2381 1011 2443 qnorum
1036 2366 1146 2442 stirpes
1169 2363 1302 2425 vocalis

128 2463 288 2542 liniuntur,
317 2463 534 2543 diphthongum
563 2483 591 2523 ει
615 2461 741 2541 probare
765 2481 824 2522 non
849 2461 1056 2543 dubitavimus
1082 2462 1159 2521 irride
1183 2464 1302 2541 scripsi-

127 2578 196 2621 mus
228 2560 324 2641 θείῃς
355 2562 383 2621 Ζ
410 2558 484 2622 432.
517 2563 554 2621 Π
585 2558 642 2640 tau,
674 2558 751 2641 θείῃ
778 2579 798 2619 κ
826 2556 900 2619 301.
930 2580 947 2619 0
976 2556 1028 2619 51.
1057 2557 1124 2618 lles
1153 2577 1199 2638 op.
1228 2555 1302 2639 556,

127 2649 223 2740 ἆνείῃ
256 2659 285 2719 Β
317 2657 374 2739 34,
407 2650 508 2740 ἆφείῃ
542 2658 571 2716 Ρ
595 2655 673 2738 631,
706 2654 823 2738 μεθείῃ
853 2676 867 2717 ε
896 2653 974 2735 471,
1008 2652 1145 2738 ὃαμείῃς
1173 2655 1205 2716 Γ
1227 2652 1303 2739 436,

64 2742 73 2765 '
128 2756 247 2839 σακείῃ
279 2757 310 2816 Τ
333 2754 392 2838 27,
420 2754 541 2838 φανείῃ
571 2757 604 2815 Χ
629 2752 684 2836 73,
712 2752 841 2835 μιγείῃς
868 2773 883 2813 ε
911 2750 991 2833 378,
1020 2750 1169 2829 δαμείετε
1192 2752 1232 2813 Η
1251 2751 1301 2815 72.

128 2854 213 2924 Ouod
243 2856 321 2914 enim
351 2855 491 2933 ponderis
519 2853 566 2913 his
595 2854 697 2912 formis
725 2855 901 2913 anctoritate
925 2852 1090 2913 Aristarchi
1117 2855 1303 2931 grammatici

128 2962 158 3012 ct
181 2952 323 3030 dignitate
348 2953 483 3013 codicum
504 2952 659 3012 meliorum
684 2951 745 3010 fere
765 2951 873 3010 formas
897 2971 939 3032 ῃῃ
964 2959 995 3010 et
1018 2969 1077 3032 qps
1098 2949 1301 3011 exhibentium

126 3049 303 3131 detrahitur,
323 3051 352 3110 id
372 3053 444 3111 satis
463 3069 613 3129 superque
633 3051 746 3109 rationo
766 3057 796 3109 et
815 3050 928 3125 origine
948 3048 1059 3108 formae
1083 3057 1301 3127 compensatur.

127 3149 285 3209 Praeterea
309 3168 377 3210 cnm
401 3151 475 3208 ratio
500 3149 594 3209 faveat
612 3156 700 3227 atque
720 3147 796 3226 apud
817 3147 975 3206 Pindarum
996 3165 1114 3226 quoque
1133 3146 1164 3207 P.
1181 3146 1216 3206 lV
1240 3145 1302 3209 155

127 3255 158 3308 et
177 3249 340 3308 sententiae
361 3248 554 3307 conformatio
574 3254 604 3306 et
623 3247 757 3306 codIcum
773 3263 841 3324 pars
856 3245 891 3304 ad
907 3245 1064 3304 lectionem
1087 3244 1182 3327 accip
1203 3244 1301 3326 ducat,

128 3365 165 3405 ne
185 3344 420 3427 παραφθαίησι
440 3344 569 3425 quidem,
593 3344 671 3424 qnod
696 3343 730 3403 K
746 3340 811 3404 346
835 3344 967 3402 omnium
992 3343 1127 3402 codicum
1152 3360 1300 3402 consensu

128 3446 334 3523 conhrmatur,
367 3461 508 3522 spernere
542 3442 630 3504 volui.
671 3440 729 3501 Sed
759 3440 882 3500 traditas
907 3440 1049 3501 lectiones
1073 3433 1174 3522 στήῃς
1197 3436 1229 3499 P
1248 3436 1301 3518 30,

128 3544 160 3603 Ε
177 3540 251 3622 stis,
275 3533 357 3622 στήῃ
382 3532 521 3620 στήετον
545 3554 566 3601 o
586 3536 658 3621 183,
682 3531 747 3619 βήῃ
767 3537 789 3597 I
806 3534 880 3598 501.
904 3537 942 3597 Π
956 3535 1009 3618 04,
1031 3530 1168 3616 βλήεται
1192 3557 1211 3617 ρ
1235 3534 1301 3597 472

128 3645 253 3701 intactas
277 3636 460 3719 reliquimus,
484 3638 554 3699 licet
579 3637 683 3697 inelius
707 3628 772 3718 βήῃ
797 3635 889 3696 scribi
912 3643 1060 3715 putemus.
1106 3635 1239 3713 Denique
1264 3653 1299 3694 ex

128 3740 309 3817 optimorum
337 3736 474 3796 codicum
503 3736 560 3795 lide
587 3737 645 3795 iota
670 3733 748 3814 quod
773 3735 883 3795 dicitur
906 3734 1110 3812 subscriptum
1133 3732 1300 3793 addidimus

128 3831 197 3922 δῴῃ
232 3833 329 3894 verbis
363 3833 390 3894 Z
423 3830 496 3896 527.
529 3832 568 3892 H
587 3831 638 3894 81.
662 3831 737 3893 292.
765 3831 839 3895 378.
872 3830 945 3895 307.
976 3833 1004 3891 Θ
1032 3829 1105 3893 287.
1133 3830 1156 3890 Ι
1181 3828 1247 3891 362
1271 3838 1300 3890 et

126 3927 232 4019 θῴῃσι
257 3934 287 3992 A
310 3927 384 3993 324.
410 3931 452 3991 Μ
466 3928 540 4012 275,
563 3937 651 4010 atque
675 3921 767 4015 ῃνβῃ
792 3952 817 3992 ω
842 3928 905 3991 217
935 3948 971 3988 cx
999 3936 1138 4006 corrupta
1164 3928 1299 3989 codicum

126 4032 253 4092 lectione
278 4029 495 4090 restituendum
520 4047 685 4108 censemus,
710 4045 767 4107 qua
792 4031 823 4089 in
847 4048 878 4089 re
899 4028 955 4087 hoc
975 4045 1068 4086 unum
1087 4029 1194 4086 merito
1214 4027 1300 4087 nobis

126 4130 245 4190 crimini
268 4128 332 4188 dari
357 4128 492 4208 fatemur,
516 4127 594 4206 quod
619 4121 732 4213 ὃῴωσι
755 4119 888 4210 γνῴωσι
913 4124 1018 4185 similia
1039 4132 1143 4184 contra
1163 4124 1300 4184 codicum

127 4227 215 4288 tidem
240 4225 371 4287 scribere
396 4244 454 4286 non
478 4228 543 4286 ausi
566 4244 678 4286 snmus.
