2984 5092
622 352 861 415 -154-

155 516 370 595 rhapsodorum
398 534 522 596 prorsus
550 518 720 596 evanuisse,
749 515 861 576 diadum
890 518 944 575 riri
974 516 1054 576 docti
1076 514 1266 594 collegerunt
1295 534 1330 576 ex

155 615 291 675 codicum
320 617 480 693 scripturis
509 609 584 675 δαῖέ
611 609 646 674 οἱ
671 615 703 674 Ε
727 611 761 694 4,
791 605 832 674 οὔ
861 609 896 674 oi
922 614 949 674 B
978 610 1053 674 392.
1077 614 1108 675 Ε
1128 610 1182 675 53.
1206 610 1237 684 Ξ
1260 611 1331 676 141.

157 710 282 773 0496.
306 713 335 772 Ρ
358 710 428 774 153.
456 712 486 772 T
507 709 579 773 124.
605 713 634 771 Y
654 706 1140 792 alicnatoalienato
1162 709 1334 774 Ζ281.Ι

159 809 231 872 151.
263 811 300 871 Ψ
327 808 400 871 540.
424 831 444 888 γ
468 806 532 871 258
557 801 685 890 ...,1ὕ
709 804 790 871 ἑθεν
814 811 845 869 Α
869 807 947 889 114,
975 801 1106 890 πρόσθε
1130 804 1211 870 ἕθεν
1235 810 1269 871 Ε
1289 806 1332 872 56
1363 814 1373 831 “

158 908 243 987 apud.
269 908 361 987 Apoll.
385 908 421 968 de
441 926 525 987 pron.
549 929 576 987 p.
601 901 766 988 5511,κέ
787 900 805 967 ἕ
826 907 848 966 I
868 903 939 987 155,
963 898 1005 969 οὔ
1024 901 1041 969 ἑ
1058 908 1092 968 Ω
1110 905 1185 988 214,
1209 906 1333 987 quibus·

156 1026 225 1068 cum
252 1007 431 1067 lectionibus
460 1006 626 1067 Homericis
657 1007 775 1085 egregie
804 1007 967 1066 concinunt
994 1005 1206 1067 trehssoeieae
1229 1003 1289 1085 29,
1312 1006 1333 1069 2

156 1097 177 1185 ἡ
207 1099 248 1166 de'
271 1107 327 1166 foc
355 1097 455 1186 κόμη,
484 1102 542 1185 nt,
573 1104 589 1165 l
619 1094 640 1184 ἡ
665 1099 705 1165 de'
724 1106 779 1164 111
803 1095 903 1183 σάθη.
950 1104 1034 1165 Licet
1057 1106 1137 1165 enim
1160 1102 1334 1185 Bergidum,

156 1204 205 1264 Gr.
224 1204 280 1264 Lit.
294 1223 321 1282 p.
340 1200 433 1282 1021,
454 1205 505 1283 qui
524 1205 554 1262 111
578 1202 788 1262 vetustissimis
808 1201 1026 1281 exemplaribus
1040 1201 1161 1262 Hesiodi
1178 1200 1334 1281 'digamma

158 1305 304 1381 scriptum
332 1303 424 1362 luisse
453 1321 487 1361 er
517 1302 696 1381 corruptelis
724 1301 861 1361 codicum
890 1299 1029 1379 colligere
1058 1318 1146 1380 posse
1169 1298 1229 1360 sibi
1253 1299 1333 1361 ride

156 1400 256 1478 batur,
289 1406 392 1459 cautae
421 1402 685 1478 argumentationis
713 1400 788 1460 lines
816 1417 970 1477 egressum
999 1418 1065 1459 esse
1094 1400 1201 1459 merito
1228 1398 1334 1479 ducas,

157 1508 255 1559 tamen
284 1497 455 1557 redactores
479 1497 646 1558 Pisistratei
673 1516 728 1557 eur
756 1507 823 1557 anie
852 1499 1027 1575 pronomina
1047 1483 1083 1559 οἷ
1103 1491 1185 1557 ἕθεν
1208 1490 1228 1557 ἕ
1248 1514 1333 1575 para·

155 1598 273 1675 girgieas
303 1595 416 1655 litteras
441 1598 621 1677 omitterent,
655 1596 733 1656 nulla
757 1595 811 1655 alia
835 1613 923 1655 causa
947 1595 1066 1656 adducti
1090 1612 1156 1655 esse
1182 1594 1333 1677 ridentur,

156 1712 244 1774 quam
272 1694 351 1773 quod
381 1712 416 1754 ex
444 1711 496 1754 ore
525 1694 740 1773 rhapsodorum
769 1696 931 1773 spirantem
959 1692 1102 1754 initialem
1129 1693 1250 1755 illarum
1274 1694 1333 1755 lor-

158 1811 272 1854 marum
296 1795 451 1853 etiamtum
475 1792 679 1853 exaudiebant.

245 1890 264 1967 ξ
288 1888 339 1954 95.
386 1891 467 1962 Quae
492 1910 560 1952 cum
583 1893 624 1952 ita
648 1890 863 1979 sint,editoris
886 1891 1069 1969 provinciam
1092 1906 1159 1950 esse
1182 1888 1333 1975 ducimus,

156 1999 189 2051 ut
212 2008 280 2050 cum
305 1992 442 2050 universa
462 1992 592 2050 carmina
612 1990 647 2048 ad
667 2007 740 2066 earn,
764 2006 839 2066 quae
859 2007 894 2049 ex
913 2006 965 2049 ore
984 1996 1089 2067 poetae
1109 1997 1140 2048 et
1157 1989 1333 2069 antiquissi-

156 2105 272 2149 morum
288 2087 504 2166 rhapsodorum
519 2088 639 2148 lluxisso
655 2089 798 2167 ridentur,
813 2105 946 2147 normam
963 2094 1090 2168 revocet,
1102 2094 1164 2147 tum
1174 2085 1334 2169 digamma,

155 2185 384 2265 quibuscunque
414 2186 486 2247 locis
514 2206 529 2246 a
559 2195 644 2265 poeta
668 2186 894 2263 pronuntiatum
918 2186 1009 2245 lrrisse
1033 2192 1145 2266 pateat,
1167 2186 1333 2247 restituere

157 2293 291 2344 conetur.
328 2284 430 2363 Neque
454 2285 549 2345 solnnr
573 2286 604 2343 in
627 2281 808 2343 editionibus
831 2283 1050 2363 intellegentiae
1074 2285 1206 2343 virorum
1229 2283 1334 2345 docte·

156 2401 222 2442 rum
248 2382 411 2463 destinatis,
436 2384 487 2443 scd
512 2385 600 2443 etiam
624 2384 653 2442 in
678 2381 849 2461 vulgaribus
872 2381 1100 2462 scholarnmqne
1123 2384 1192 2443 usui
1213 2400 1333 2445 accom-

156 2481 282 2541 modatis
310 2499 415 2560 magno
444 2500 512 2542 cum
541 2499 597 2542 usu
626 2480 682 2540 hoc
710 2481 775 2539 lieri
804 2481 977 2542 iudicamus.
1023 2480 1157 2560 Namque
1185 2499 1255 2542 cum
1283 2481 1334 2543 liis

156 2580 334 2657 praesertim
363 2579 547 2658 temporibus
576 2580 657 2638 onrni
681 2596 770 2656 opera
794 2597 848 2638 nos
871 2580 964 2639 adniti
987 2579 1099 2660 deceat,
1122 2588 1157 2640 ut
1179 2597 1217 2639 ne
1241 2598 1332 2659 pene

156 2676 241 2737 tralia
269 2679 448 2756 scriptorum
472 2695 647 2756 graecorum
671 2675 826 2737 inutilibus
850 2677 1070 2756 impedimentis
1093 2676 1333 2760 praecludamus,

155 2776 294 2834 restituto
323 2775 468 2851 digammo
498 2784 528 2834 et
556 2775 773 2852 elegantissima
803 2773 933 2836 carmina
961 2774 997 2836 ab
1025 2777 1191 2836 innumeris
1218 2774 1332 2837 hiantis

83 2926 88 2935 ,
155 2874 297 2933 orationis
321 2874 444 2933 maculis
468 2883 497 2934 et
520 2872 733 2951 particularum
757 2873 970 2951 expletivarmu
994 2874 1131 2935 sordibus
1140 2867 1165 2957 ¹)
1189 2872 1330 2953 purgabi-

155 2987 221 3030 mus
245 2979 276 3030 ct
299 2970 436 3049 ambages
460 2973 742 3032 commentationum
766 2972 802 3032 de
826 2972 908 3033 lriatu
932 2980 961 3034 et
985 2971 1112 3051 syllabae
1130 2971 1330 3051 productione

155 3068 270 3128 litterae
303 3068 431 3128 aeolicae
466 3072 494 3129 ri
522 3069 698 3130 excusandis
727 3069 811 3130 focile
839 3071 1052 3132 rescindamus.
1099 3069 1157 3130 Sed
1188 3088 1258 3131 cum
1286 3070 1330 3131 di·

155 3169 263 3244 gammi
291 3167 468 3227 restituendi
497 3167 653 3228 consilium
681 3186 869 3248 caperemus,
897 3171 1016 3229 minimo
1046 3187 1099 3229 rios
1128 3168 1217 3249 fugit,
1251 3185 1328 3247 quae

155 3266 199 3323 roi
222 3264 381 3325 dillicultas
403 3274 483 3326 osset
506 3269 593 3327 ctiam
613 3274 681 3345 post
704 3274 926 3326 autecessorum
950 3285 1046 3327 curas.
1092 3266 1165 3326 Nam
1189 3273 1223 3326 ut
1242 3264 1331 3345 Angli

155 3364 252 3422 critici
266 3372 403 3441 portenta
417 3366 586 3445 11111111,
605 3355 677 3425 nitt’
694 3355 782 3437 fora,
798 3354 964 3444 diope'qu
978 3358 1021 3444 iq
1036 3354 1149 3445 pdfpc'
1164 3353 1330 3443 Ἀχαιὲοῑς

155 3469 352 3542 praeteream,
385 3462 538 3523 bekkerus
568 3482 685 3543 rqrroquo
720 3462 792 3522 lalso
821 3461 971 3523 rronnullis
1000 3461 1113 3543 rerbis,
1147 3459 1226 3521 relut
1253 3454 1330 3523 feet

154 3550 241 3640 frid-q
274 3553 443 3640 fovinpo'g
468 3559 573 3641 siloe
599 3562 744 3639 digamma
771 3562 907 3639 praciisit
936 3571 979 3641 et,
1012 3560 1097 3640 quod
1119 3560 1329 3638 gravissimum

154 3666 212 3737 est,
244 3658 373 3718 medinm
403 3659 548 3737 digamma
577 3678 670 3739 paeuo
699 3677 823 3738 prorsus
847 3659 984 3738 neglexit.
1032 3659 1135 3738 Neque
1159 3657 1329 3731 mirandum

156 3764 214 3834 111,
243 3757 321 3834 qnod
351 3758 395 3816 rir
422 3758 673 3835 prudentissinurs
702 3759 731 3816 in
760 3755 858 3816 nredio
882 3757 1029 3835 digammo
1053 3756 1239 3817 restituendo
1262 3775 1329 3836 par·

155 3855 293 3913 sissimus
318 3855 387 3935 lnit;
415 3874 482 3915 nam
506 3874 581 3934 qnae
605 3854 727 3915 initialis
750 3855 889 3933 digammi
919 3856 1027 3916 indicia
1056 3864 1126 3915 sunt
1150 3856 1330 3935 certissima,

155 3951 253 4012 lrintus
281 3960 349 4012 11111
377 3963 458 4014 11111
488 3954 631 4034 quaedam
660 3954 747 4014 rerba
775 3954 922 4014 adurissus
951 3962 980 4014 et
1004 3952 1112 4033 syllaba
1136 3951 1236 4014 brevis
1260 3962 1333 4015 11111·

155 4049 257 4109 eadem
283 4049 370 4109 rerba
394 4052 547 4132 producta,
572 4070 604 4111 ea
629 4068 754 4130 prorsus
778 4070 831 4112 nos
855 4052 997 4111 deliciunt
1021 4053 1050 4110 in
1072 4050 1176 4111 mediis
1195 4050 1329 4113 vocibus.

246 4215 272 4283 1)
292 4213 322 4267 Si
345 4232 427 4283 quem
451 4214 531 4268 iuvat
553 4216 682 4287 exempla
704 4215 855 4271 fulcrornm
879 4233 897 4269 a
923 4214 1126 4284 grammaticis,
1150 4214 1183 4267 ut
1200 4212 1330 4270 hiantem

155 4294 244 4349 eiecto
263 4292 406 4363 digammo
426 4294 582 4351 orationem
600 4296 766 4366 levigarent,
785 4295 990 4349 inculcatorum
1009 4310 1188 4364 cognoscere,
1207 4311 1329 4349 messem

155 4373 325 4506 ppcrrimam
350 4374 511 4443 congestam
540 4373 665 4430 inveniet
692 4376 727 4430 ab
756 4375 795 4429 lo.
823 4374 1055 4443 Wackernagolio
1083 4374 1113 4428 in
1140 4372 1217 4429 Bene.
1243 4374 1332 4432 Beitr.

213 4458 264 4506 aab
284 4470 345 4522 sqq.
