2984 5092
156 312 197 368 lV

155 500 192 541 ne
213 484 275 558 ipse
300 479 419 559 quidem
444 482 475 539 in
500 479 649 540 veteribus
674 478 855 540 carminibus
880 479 1001 539 ierenda
1033 498 1201 560 censerem,
1230 484 1259 541 in
1285 500 1330 540 re-

157 577 294 638 centibus
318 575 526 636 additamentis
551 596 608 636 non
634 577 729 637 solum
754 579 862 637 intacta
892 577 1016 658 reliqui,
1049 577 1100 637 sed
1133 581 1220 638 etiam
1251 589 1330 638 uota-

156 675 225 735 bilia
258 673 366 734 iudicia
400 674 637 753 interpolationis
671 693 736 734 csse
770 673 905 734 iudicari.
953 675 984 735 ln
1017 675 1200 735 restituenda
1232 688 1330 736 autern

157 775 254 851 prisca
279 780 309 831 et
335 774 462 849 genuina
487 772 579 831 forma
604 773 769 830 carminum
794 771 871 849 quod
898 789 991 831 meam
1016 791 1136 850 operam
1165 792 1223 833 nou
1254 776 1333 833 iuter

157 869 303 929 cancellos
328 869 534 929 Aristarcbeac
559 870 743 928 recensionis
768 869 911 928 inclusam
943 868 1034 948 volui,
1063 870 1139 947 apud
1169 869 1332 948 prudentes
1369 853 1371 857 ¹

157 971 271 1029 iudices
300 970 490 1028 excusatione
521 985 580 1027 nou
609 964 753 1043 indigebit
782 968 956 1044 praesertim
988 969 1017 1027 in
1046 967 1101 1027 bac
1126 967 1269 1045 editione,
1303 971 1331 1027 iu

156 1084 213 1145 qua
237 1084 296 1126 non
326 1065 422 1125 solum
443 1065 526 1124 ultra
552 1062 765 1123 Alexandrinos
793 1066 1015 1143 grammaticos,
1048 1066 1098 1125 sed
1134 1068 1222 1125 ctiam
1256 1065 1331 1124 ultra

156 1162 345 1224 Pisistratum
360 1162 395 1222 ad
411 1161 627 1240 rhapsodorum
642 1168 775 1238 tempora
796 1168 823 1218 et
844 1160 878 1219 ad
899 1169 1025 1220 aetatem
1046 1164 1185 1222 siminus
1202 1162 1331 1239 Homeri,

156 1269 186 1321 at
218 1270 318 1321 tamen
345 1259 570 1319 Homeridarum
603 1257 763 1317 ascendere
792 1259 914 1317 annisus
952 1276 1026 1318 sum.
1064 1258 1127 1319 Hoc
1159 1279 1227 1320 unm
1259 1259 1331 1318 boue

156 1358 228 1418 mibi
252 1359 445 1433 successerit,
474 1375 565 1434 penes
594 1355 721 1415 lectores
750 1354 908 1414 benevolos
939 1364 968 1414 et
996 1356 1159 1433 prudentes
1188 1359 1333 1417 iudicium

157 1459 208 1535 sit3
241 1455 314 1515 mibi
348 1454 404 1513 boc
432 1454 527 1514 solum
560 1455 591 1513 in
628 1452 750 1513 exordio
787 1451 855 1512 libri
895 1470 1064 1512 asseverare
1107 1453 1207 1532 liceat,
1246 1472 1333 1531 saepe

157 1552 257 1613 stilum
286 1571 333 1612 me
368 1553 490 1611 vertisse
525 1569 621 1630 neque
651 1570 709 1610 uuo
744 1552 828 1628 quasi
861 1553 974 1628 impetu
1007 1568 1105 1610 arcem
1139 1571 1334 1631 expugnasse,

156 1650 208 1711 sed
233 1648 334 1709 multis
353 1648 507 1708 erroribus
528 1651 677 1726 iactatum,
701 1666 769 1708 cum
789 1646 856 1724 plus
880 1647 971 1707 semel
1000 1650 1057 1707 iam
1087 1651 1116 1709 in
1141 1669 1176 1709 eo
1202 1651 1333 1729 inissem,

156 1757 189 1807 ut
226 1747 262 1807 de
301 1747 439 1806 firmitate
480 1749 586 1806 virium
619 1763 751 1807 mearum
785 1743 975 1823 desperarem
1003 1754 1033 1804 et
1057 1755 1152 1806 totum
1177 1748 1333 1807 consilium

156 1846 287 1907 edendae
311 1843 410 1904 lliadis
429 1863 535 1904 rursus
554 1843 711 1922 abicerem,
736 1843 854 1903 tandem
873 1842 1030 1922 aliquando
1045 1843 1080 1903 ad
1097 1863 1160 1904 eam
1177 1848 1335 1905 stationem

156 1945 338 2021 pervenisse,
362 1960 451 2020 quam
470 1942 596 2018 sortiter,
619 1943 644 2000 si
664 1940 710 2000 dis
731 1940 836 2018 placet,
856 1941 935 1999 tueri
959 1947 988 1998 et
1012 1938 1171 1999 defendere
1196 1942 1334 2001 conabor.

156 2039 267 2100 Bonam
292 2047 390 2099 autem
415 2057 498 2117 spem
527 2037 622 2097 babeo
652 2037 734 2096 brevi
768 2038 901 2098 futurum
930 2055 1009 2117 esse,
1043 2047 1077 2097 ut
1105 2037 1251 2099 Homerus
1281 2039 1335 2100 hac

157 2137 250 2198 iorma
275 2139 369 2215 magis
392 2135 508 2214 placeat
532 2135 706 2213 faciliusque
737 2135 928 2213 intellegatur
956 2144 986 2194 et
1013 2138 1116 2213 pueris
1146 2155 1264 2214 quoquc
1294 2141 1335 2197 in·

158 2235 318 2296 stituendis
351 2235 424 2294 baec
453 2233 624 2294 distributio
652 2235 816 2294 carminum
845 2241 874 2292 et
902 2234 1024 2312 genuini
1052 2242 1151 2293 textus
1184 2237 1335 2295 restitutio

157 2332 250 2394 multo
280 2331 381 2391 utilior
410 2349 476 2392 esse
510 2331 645 2392 rideatur
674 2349 761 2409 quam
794 2329 901 2390 tradita
935 2331 1027 2389 iorma
1071 2332 1172 2408 viginti
1207 2343 1336 2410 quatuor

158 2430 302 2491 librorum
321 2439 352 2488 et
370 2431 536 2490 recentiora
557 2430 818 2508 grammaticorum
837 2436 975 2506 portenta
995 2430 1110 2504 priscae
1131 2431 1257 2488 orationi
1279 2429 1336 2488 llo-

157 2529 233 2588 meri
256 2528 397 2586 immixta.
443 2526 542 2587 Unum
574 2544 691 2598 vereor,
721 2544 759 2585 ne
788 2528 816 2585 in
844 2525 996 2603 purganda
1026 2533 1115 2603 atque
1145 2524 1335 2603 perpolieuda

157 2627 290 2686 oratione
315 2626 472 2684 tersissimi
495 2631 600 2703 poetae
624 2623 726 2683 multis
749 2625 828 2682 iusto
852 2622 984 2682 timidior
1008 2622 1099 2681 luisse
1120 2622 1228 2701 ridear,
1252 2641 1335 2700 prae-

158 2725 261 2784 sertim
301 2731 456 2800 postquam
496 2719 590 2781 Fickii
632 2720 752 2781 audacia
795 2722 901 2779 animis
943 2718 1160 2798 philologorum
1200 2720 1337 2780 stimulos

159 2821 279 2881 addidit.
327 2819 359 2879 Si
387 2818 457 2897 quid
486 2826 585 2878 autem
623 2817 700 2878 valet
736 2818 809 2878 baec
846 2815 937 2877 editio
972 2817 1007 2877 ad
1049 2819 1170 2878 Homeri
1206 2821 1336 2878 carmina

159 2918 265 2979 melius
311 2916 515 2994 cognoscenda
562 2924 593 2975 et
634 2915 851 2994 philologorum
896 2916 993 2975 studia
1031 2916 1210 2997 adiuvanda,
1248 2916 1337 2977 huius

159 3013 255 3073 laudis
283 3014 403 3072 minima
435 3030 503 3090 pars
532 3031 595 3073 mea
625 3022 683 3094 est3
716 3032 783 3074 nam
812 3022 843 3074 ct
869 3016 899 3074 in
929 3018 1079 3094 corruptis
1107 3014 1206 3076 verbis
1239 3034 1337 3075 emen·

160 3110 265 3170 dandis
297 3119 327 3169 et
356 3111 386 3169 in
419 3112 557 3188 genuinis
585 3109 694 3171 litteris
726 3112 889 3190 formisque
918 3111 1132 3171 resuscitandis
1165 3121 1194 3171 et
1227 3114 1256 3171 in
1291 3131 1336 3171 re-

159 3207 275 3269 teribus
304 3207 486 3267 carminibus
515 3208 701 3287 separandis,
730 3210 857 3288 denique
890 3212 920 3268 iu
950 3218 1092 3288 apparatu
1121 3212 1225 3270 critico
1254 3210 1336 3269 ador-

160 3305 257 3367 nando
290 3308 445 3366 maximam
479 3315 593 3383 partem
627 3308 758 3366 virorum
796 3308 832 3367 de
869 3306 1036 3367 Homericis
1077 3307 1185 3367 studiis
1221 3326 1338 3386 promo·

108 3463 112 3483 Ι
161 3403 264 3463 vendis
292 3404 450 3480 insiguiter
478 3404 653 3463 meritorum
686 3405 809 3483 vestigia
844 3404 901 3483 legi
939 3406 1139 3485 iuvenumque
1173 3407 1335 3466 amicorum

161 3518 308 3580 propensa
335 3499 465 3560 soHertia
490 3503 608 3579 egregie
633 3501 753 3561 adiutus
782 3521 860 3576 sum,
890 3520 1017 3581 quorum
1047 3505 1072 3561 si
1100 3502 1156 3563 boc
1186 3502 1249 3563 loco
1278 3523 1337 3563 anr-

161 3598 267 3660 bitiose
296 3599 409 3659 referre
433 3597 501 3658 nolo
526 3600 657 3677 nomina,
685 3597 777 3660 libros
806 3610 835 3660 et
863 3610 1028 3660 commenta
1056 3608 1140 3678 grato
1169 3603 1266 3662 animo
1291 3621 1337 3662 me

161 3697 331 3758 adhibuisse
365 3704 407 3773 et,
440 3695 536 3775 quoad
575 3695 655 3773 leges
688 3700 858 3759 succinctae
886 3699 1082 3758 enarrationis
1116 3698 1337 3776 permittebant,

162 3798 250 3854 etiam
271 3793 405 3855 laudasse
431 3812 625 3872 unaquaeque
655 3795 765 3873 pagella
785 3807 815 3857 et
835 3796 1111 3874 prolegomenorum
1131 3808 1160 3857 et
1180 3807 1337 3876 apparatus

162 3895 259 3953 critici
279 3890 405 3952 docebit.

252 4067 425 4128 Scribebam
450 4068 596 4131 Monacbii
620 4070 724 4131 bruma
749 4073 818 4131 anni
843 4070 1126 4132 Moccotxxxut.

1001 4248 1090 4307 Guil.
1116 4247 1246 4309 Cbrist.
