2962 5070
582 355 823 419 -125-

208 517 303 595 §lt
351 518 431 579 lctus
460 520 503 578 ris
532 517 641 597 quibus
669 517 741 578 locis
770 517 852 577 brevi
881 518 1007 597 syllabae
1031 521 1089 579 rim
1113 517 1216 595 longae
1240 521 1291 577 tri·

117 617 229 697 buerit,
252 619 475 678 accuratissime
495 637 590 698 nuper
609 617 734 677 definire
753 616 868 676 studuit
887 615 1036 676 Hartelins
1056 620 1085 676 in
1106 616 1188 675 llom.
1209 615 1293 676 Stud.

118 715 174 775 rol.
199 715 219 776 l.
266 715 412 795 Equidem
441 735 545 777 vereor
573 735 610 776 ne
639 717 717 775 iusto
745 717 877 775 severior
904 714 953 775 ille
983 717 1073 775 inerit
1100 718 1130 775 in
1157 714 1292 774 libertate

117 815 230 873 veteris
258 822 363 892 poetae
392 814 621 893 constringenda
649 820 679 871 et
707 831 849 872 numerus
873 812 1050 892 syllabarum
1075 816 1101 871 vi
1126 815 1204 872 ictus
1228 831 1293 892 pro-

117 914 278 973 ductarum
307 921 389 973 textu
413 912 535 973 Homeri
562 933 577 971 a
607 910 723 972 traditis
751 912 866 971 mendis
895 920 1020 990 purgato
1048 920 1078 971 et
1106 911 1140 970 ad
1166 914 1293 989 priscam
1375 894 1396 965 .’

118 1012 244 1070 sormam
265 1019 402 1071 revocato
417 1011 599 1090 aliquantum
615 1015 766 1087 augeatur.
800 1009 857 1090 Sic,
873 1010 990 1089 utquid
1006 1012 1131 1070 sentiam
1150 1009 1293 1087 exemplis

117 1108 277 1187 illustrem,
302 1107 464 1170 Homerum
488 1109 599 1168 dixisse
623 1106 712 1167 credo

51 1266 55 1271 .
163 1204 209 1289 τῷ
235 1202 272 1266 ἐν
296 1201 389 1287 χερσί
413 1197 580 1285 φόος,·οὐ
604 1202 745 1285 μειλιχίῃ
771 1200 929 1284 πολέμοιο
955 1201 1000 1285 (0
1024 1200 1115 1287 adn·

164 1295 272 1366 αὐτοῦ
295 1301 510 1386 ἐριαακέμεν,
533 1298 566 1376 ἐξ
589 1293 734 1380 ἄντυγος
755 1293 835 1382 ἡνία
858 1301 969 1376 τείνας
993 1296 1039 1385 (Ε
1060 1298 1154 1385 212)-

165 1401 211 1488 τῷ
237 1395 274 1463 δὲ
297 1395 428 1483 μάλιστ’
455 1393 510 1481 ἄρ’
537 1399 590 1461 ἔεν
613 1396 820 1479 ἐναλίγκιον,
844 1391 889 1473 ὡς
912 1397 943 1460 εί
965 1391 1076 1460 ἅιιασα
1100 1396 1148 1478 (Χ
1167 1394 1261 1479 410)·

166 1492 273 1562 ὅσσον
297 1499 350 1561 ἒεν
375 1488 446 1574 οἷός
468 1516 516 1560 ιε’
540 1502 651 1561 θεοῖσι
675 1491 739 1577 γὰρ
763 1491 847 1559 ἄντα
870 1497 1014 1559 assotae
1039 1493 1087 1579 (Ω
1110 1492 1203 1580 (530)·

164 1595 226 1659 τοῦ
250 1589 280 1657 d’
307 1585 377 1670 υἷες
399 1588 546 1676 ἐγένοντ’
571 1589 755 1676 Ἀλκμαίων
772 1588 971 1678 Ἀμφίλοχός
993 1616 1028 1658 ιε
1051 1592 1084 1680 (ο
1110 1592 1198 1677 248),

119 1697 255 1775 vulgatas
288 1706 386 1757 autem
417 1696 528 1755 formas
561 1687 655 1775 φόως
683 1690 873 1775 ἐρυκακέειν
902 1693 961 1775 ἔην
988 1691 1072 1767 oleis
1100 1696 1126 1754 si
1154 1696 1252 1754 minus
1280 1714 1295 1753 a

118 1795 289 1871 Pisistrato,
312 1801 463 1854 attamen
488 1811 504 1852 a
528 1792 683 1873 rhapsodis
707 1810 773 1852 esse
797 1794 936 1852 invectas.
984 1791 1043 1852 Sed
1066 1800 1100 1851 ut
1123 1791 1170 1850 bis
1194 1789 1294 1851 simili-

119 1893 238 1972 busque
269 1890 343 1951 locis
366 1899 483 1951 veteres
506 1900 535 1951 et
558 1894 703 1969 genuinas
727 1891 836 1953 iormas
860 1893 959 1970 potius
984 1890 1183 1951 restituendas
1207 1908 1295 1968 quam

117 1990 332 2070 productiones
360 1988 537 2068 syllabarum
566 1989 697 2050 llualium
726 1991 811 2049 anxie
840 1989 994 2067 fugiendas
1021 2007 1088 2049 esse
1111 1988 1225 2067 iudico,
1252 1991 1295 2048 sic
1409 2068 1414 2077 .
1456 1966 1460 1973 ¹

119 2091 152 2149 in
189 2087 255 2147 aliis
294 2086 442 2166 versibus,
479 2086 531 2147 ubi
564 2087 751 2167 recipiendae
784 2086 875 2147 roeali
909 2086 1012 2165 longae
1046 2085 1118 2147 nibil
1151 2085 1296 2165 obstabat,

120 2188 262 2248 metricas
291 2184 426 2245 licentias
451 2184 554 2245 sedulo
583 2188 711 2246 coercui.
758 2185 828 2244 lnde
856 2181 980 2254 5357.
1005 2186 1037 2245 Ω
1061 2182 1125 2244 569
1150 2183 1296 2244 exaranda

122 2286 294 2345 curavimus
320 2312 327 2325 ·

166 2373 332 2463 πρόφρων
346 2379 412 2442 νῦν
428 2383 595 2442 Δαναοῖσι
612 2372 812 2442 Ποσειδάων
827 2375 1034 2459 (Ποσείδαον
1049 2400 1074 2440 v.
1090 2376 1122 2460 l.)
1137 2371 1297 2459 ἐπάμυνε·

167 2472 213 2561 μή
239 2494 284 2559 σε,
308 2473 416 2559 γέρων
440 2474 555 2558 (γέρον
575 2474 684 2560 οοιΙιΙ.),
703 2468 778 2540 οὐδ’
805 2469 909 2539 αὐτὸν
934 2473 984 2539 ἐνί
1007 2477 1176 2560 κλισίῃσιν
1200 2469 1296 2537 λα’σω.

121 2579 228 2638 Cetera
253 2595 312 2636 rron
336 2596 460 2656 operose
485 2579 515 2636 in
539 2576 827 2657 bisprolegomonis
851 2575 999 2656 colligere,
1023 2576 1073 2636 sed
1098 2577 1128 2635 in
1149 2594 1296 2636 cornmen·

122 2679 208 2737 tariis
231 2694 286 2735 suo
310 2675 440 2754 quidque
465 2674 529 2735 loco
554 2674 636 2735 brevi
660 2675 801 2736 adnotare
824 2674 897 2734 mibi
921 2677 1014 2734 visum
1039 2683 1093 2734 est.

533 2948 582 3003 De
605 2947 743 3004 seoliots
766 2946 894 3005 formis.

213 3068 234 3144 ξ
259 3064 309 3127 ῖ2.
355 3065 515 3126 Homerum
544 3066 624 3144 quod
654 3065 706 3125 nio
731 3065 960 3146 Cbrysostomus
988 3085 1031 3126 or.
1055 3065 1094 3125 Xl
1117 3063 1160 3126 23
1190 3066 1298 3146 aliique

122 3167 262 3227 rhetores
292 3166 468 3243 farraginem
497 3183 532 3224 ex
561 3164 700 3225 omnibus
723 3164 857 3226 dialectis
882 3169 1002 3226 mixtam
1027 3165 1212 3226 auditoribus
1237 3166 1300 3223 suis

123 3263 265 3323 omnibus
298 3281 332 3322 ex
366 3261 501 3341 partibus
529 3261 669 3322 Graeciae
701 3262 922 3324 confluentibus
954 3266 1128 3343 propinasse
1164 3261 1300 3322 horiolati

123 3370 209 3440 sunt,
238 3362 294 3420 viri
321 3360 401 3420 docti
429 3360 541 3421 dudum
571 3362 609 3420 ita
639 3363 876 3441 exagitaverunt,
905 3371 937 3422 ut
966 3380 1088 3423 suorum
1112 3360 1299 3440 popularium

124 3459 225 3537 lingua
250 3476 318 3517 eum
342 3475 429 3518 usum
453 3476 521 3518 esse
544 3458 680 3519 dicerent
703 3468 733 3520 et
757 3476 793 3519 ne
818 3462 905 3519 metri
929 3460 1048 3539 quidem
1070 3461 1248 3519 necessitate
1268 3467 1301 3517 ut

126 3555 183 3615 alia
221 3554 363 3615 vocabula
399 3555 577 3616 admisceret
614 3556 750 3617 adactum
787 3575 870 3635 esse,
907 3560 964 3617 nisi
997 3575 1072 3637 quae
1105 3565 1156 3616 aut
1190 3558 1252 3635 ipse
1285 3573 1300 3613 a

129 3652 344 3713 vetustioribus
371 3652 488 3713 vatibus
517 3655 610 3732 epicis
638 3661 758 3733 accepta
786 3654 918 3736 tulisset,
946 3664 997 3716 aut
1025 3654 1183 3734 populares
1212 3654 1258 3712 sui
1286 3671 1301 3710 a

129 3750 299 3812 confinibus
326 3758 357 3811 et
384 3752 410 3810 si
439 3753 538 3811 minus
565 3753 707 3832 civitatis,
736 3760 765 3811 at
793 3752 896 3813 saltem
925 3752 1047 3813 conubii
1074 3759 1105 3812 et
1132 3751 1303 3811 commercii

130 3851 272 3909 societate
296 3850 464 3909 coniunctis
487 3848 625 3928 gentibus
648 3848 831 3912 didicissent
873 3850 954 3920 Quae
978 3869 1045 3910 cum
1070 3853 1109 3909 ita
1134 3850 1202 3926 sint,
1225 3847 1303 3907 dori·

130 3966 181 4007 cas
210 3948 321 4007 lormas
350 3966 385 4006 ex
415 3945 535 4007 Homeri
563 3947 746 4008 carminibus
775 3967 898 4027 prorsus
925 3945 1141 4008 submovendas
1170 3954 1200 4006 et
1228 3963 1303 4024 qnae

132 4045 376 4124 relinquerentur
406 4042 547 4104 vocabula
575 4043 612 4103 ab
641 4045 721 4125 lade,
754 4046 870 4126 qualem
900 4044 1046 4105 llesiodus
1076 4042 1212 4122 titulique
1241 4043 1304 4121 agri

132 4143 224 4204 lonici
253 4142 411 4225 praebent,
439 4142 532 4203 aliena
560 4152 611 4204 aut
635 4148 728 4206 veteri
752 4145 813 4205 ladi
836 4152 887 4204 aut
910 4143 1037 4204 aeolicae
1062 4140 1187 4201 dialecto
1211 4139 1304 4200 vindi·

133 4241 225 4301 canda
259 4259 325 4301 esse
358 4240 506 4301 duximus.
551 4240 657 4303 leores
690 4245 768 4303 enim
802 4244 914 4321 primos
946 4242 1050 4300 lernam
1084 4237 1153 4298 belli
1184 4236 1304 4297 Troiani

133 4339 316 4400 carminibus
352 4338 516 4399 illustrasse
554 4347 584 4399 et
620 4341 793 4419 priusquam
826 4342 856 4400 in
889 4341 987 4399 Asiam
1021 4340 1210 4416 migrassent,
1247 4337 1305 4396 iam

134 4437 286 4498 illusarum
314 4436 534 4516 utympicarum
558 4439 651 4497 sacris
675 4438 826 4499 studuisse
850 4436 1001 4518 videntur,
1028 4445 1058 4497 et
1082 4434 1202 4495 llomeri
1226 4435 1305 4493 cives
