2984 5092
621 120 654 127 -
710 83 856 145 120-

242 242 280 323 ὃς
297 246 375 329 τλῇς
393 240 493 311 εἵνεκ’
516 244 605 327 ἐμεῖο
624 237 677 329 (ὃς
696 244 790 324 ἔτλης
809 239 890 324 ἐμεῦ
902 235 1004 305 εἵνεκ’
1021 236 1138 324 τελλ),
1151 235 1224 303 έπελ
1235 238 1376 314 Halae

952 332 1199 422 ὀφθαλμοῖσιν·

243 438 280 518 ὅς
301 435 336 505 λ’
361 437 432 519 άξει
452 434 498 525 (λ’
520 462 577 503 om.
597 438 707 523 coetu),
730 428 799 513 εἷός
821 461 879 502 κεν
903 432 997 520 άγων
1018 431 1142 520 Ἀχιλῆι
1164 430 1369 519 πελάσσῃ·

241 541 374 625 Βορρῆς
391 538 532 624 (Βορέης
546 535 648 624 codd.)
662 536 717 603 καὶ
732 535 895 620 Ζέφυρος,
910 530 956 599 rm'
969 558 1005 600 τε
1018 530 1199 620 Θρῄκηθεν
1213 528 1376 615 ἄητον...

199 660 232 720 ln
255 658 371 721 derebus
395 659 460 719 aliis
486 657 620 719 versibus
645 658 675 718 A
697 654 772 717 497.
795 676 815 736 ρ
838 652 904 716 519

243 774 367 851 δαΐζων
390 771 511 846 ἵππους
533 793 568 834 τε
590 767 646 833 καὶ
669 764 804 851 ἀνέρας·
828 761 912 833 οὐδέ
931 788 983 831 πω
998 760 1140 849 Ἕκτωρ·

244 865 341 955 calip
366 865 494 945 δεδαὼς
515 862 606 932 άέπέ
633 863 806 950 λμερόεντα
830 869 1003 950 βροτοῖσιν

155 1002 199 1058 ris
218 1001 326 1058 ueteris
350 997 489 1077 dIgammi
514 995 659 1071 δαέίζων
677 1003 706 1055 et
725 987 884 1076 ἆάείὸρῐ),
903 992 1041 1054 similiter
1065 1001 1153 1073 atque
1172 996 1204 1053 iu
1225 1012 1376 1055 versus:

155 1100 236 1156 cuitu
260 1087 364 1175 άμφὶς
387 1087 490 1175 έέάγη
510 1096 540 1154 A
559 1090 633 1173 559,
657 1092 704 1157 ad,
717 1092 846 1153 vocalem
870 1090 1091 1171 producendam
1110 1093 1182 1151 satis
1202 1086 1376 1153 valuisse?

157 1194 280 1254 videtur.
328 1193 461 1273 lienique
492 1212 600 1271 anceps
631 1200 735 1252 natura
770 1190 825 1251 luit
857 1188 1019 1269 particulae
1051 1186 1132 1271 πρίν
1164 1191 1196 1249 in
1224 1208 1361 1253 versus-

156 1294 240 1352 Initio
264 1287 344 1371 πρὶν
368 1286 481 1352 ἐλθεῖν
505 1311 524 1370 ρ
550 1287 613 1352 195
629 1317 670 1339 =
685 1303 706 1350 ο
724 1287 798 1367 492,
821 1282 900 1365 πρὶν
924 1286 1032 1366 ἔγνων
1055 1308 1073 1349 τ
1095 1284 1170 1348 tte.
1212 1286 1348 1351 Nullius

156 1410 225 1450 vcro
250 1409 355 1450 versus
379 1389 528 1449 Homerici
556 1390 671 1467 primus
695 1405 747 1466 pes
771 1388 841 1447 iusti
866 1385 996 1446 trochaei
1022 1403 1192 1447 mensuram
1217 1386 1344 1467 implet.

155 1488 227 1549 Num
251 1491 281 1548 in
306 1486 441 1548 versibus
963 1568 969 1577 Ι

243 1585 349 1654 πολλά
374 1588 553 1673 λισσομένη
577 1585 814 1673 χρυσάμπυκας
836 1584 932 1674 ᾔτεεν
954 1588 1076 1664 ἵππους
1098 1585 1147 1673 (Ε
1167 1587 1267 1673 358)·

243 1685 349 1754 πολλὰ
373 1684 591 1771 ῥυστάζεσκεν
614 1684 673 1752 ἑοῦ
698 1684 772 1769 περὶ
796 1679 873 1769 σῆμ’
900 1681 1032 1767 ἑτάροιο
1057 1684 1104 1768 (Ω
1126 1686 1222 1774 755)Ι

244 1782 353 1851 πυκνά
376 1783 559 1871 ῥωγαλέην,
583 1784 621 1850 έν
645 1782 682 1849 δὲ
704 1780 852 1867 στρόφος
873 1772 935 1866 ἦεν
958 1776 1083 1867 άορτήρ
1107 1782 1143 1863 (ν
1165 1784 1264 1869 438)·

156 1905 383 1985 productionem
411 1904 533 1965 alterius
560 1904 688 1984 syllabae
712 1923 816 1965 versus
844 1902 1013 1982 duplicibus
1036 1904 1287 1986 consonantibus,
1314 1926 1329 1966 a

156 2003 265 2083 utribus
288 2003 414 2063 alterum
434 2002 573 2083 quodque
593 2001 716 2062 verbum
734 1995 941 2081 ipeyuie‘pv,
963 1993 1218 2081 έρυστάζεσκεν,
1240 2004 1329 2083 γλισ-

155 2096 279 2181 σομένη
313 2102 381 2162 οΙίοι
411 2100 584 2180 incipiebat,
616 2100 693 2160 effici
721 2098 834 2159 durium
863 2098 1046 2159 intellectum
1073 2106 1133 2179 est,
1164 2107 1197 2160 et
1224 2118 1331 2163 versus

159 2202 188 2260 A
213 2196 276 2260 193

245 2309 306 2387 ἕως
338 2307 410 2397 (scr.
443 2300 525 2397 εἷος)
559 2303 577 2374 ὁ
610 2301 710 2372 ταῦθ’
745 2302 883 2392 ὅρμαινε
915 2303 997 2372 κατὰ
1025 2306 1135 2393 φρένα
1161 2308 1218 2375 καὶ
1245 2307 1332 2376 κατὰ

953 2401 1069 2489 θυμόν

156 2528 356 2606 similiumque
375 2528 479 2587 vitium
498 2544 514 2586 a
533 2524 605 2586 God.
626 2524 804 2603 llermanno,
827 2524 914 2586 elem.
936 2524 1030 2586 doctr.
1049 2535 1134 2588 metr.
1150 2547 1177 2607 p.
1196 2525 1239 2589 59
1260 2528 1331 2590 sub·

156 2626 247 2685 latum
279 2633 332 2684 est.
383 2623 515 2702 Demque
548 2641 688 2683 versuum
722 2623 806 2682 initia
836 2612 938 2683 Ἰλίου
973 2615 1184 2705 προπάροιθε
1218 2626 1247 2686 0
1274 2626 1329 2689 66.

159 2725 190 2784 Φ
215 2719 286 2783 106.
310 2722 344 2783 Χ
364 2720 397 2799 6,
420 2711 542 2799 άγρίου
569 2712 720 2796 πρόσθεν
743 2720 777 2780 Χ
796 2717 862 2782 313
885 2722 1032 2782 restitutis
1059 2727 1204 2802 genetiuis
1228 2716 1331 2788 Ἰλίου

156 2830 186 2881 ct
209 2812 326 2899 άγρίοο
351 2818 515 2897 Numicius,
538 2828 568 2878 et
591 2836 709 2878 uersum

289 2925 378 2995 Alae
398 2926 569 3013 Ἰδομενεῦ
590 2953 640 3009 τε,
663 2941 777 3007 κακοῖς
801 2928 870 2996 ἐπεὶ
894 2926 975 2996 οὐδὲ
997 2929 1129 2998 refotus
1150 2933 1206 3017 (Ψ
1221 2933 1305 3021 493)

156 3057 292 3110 revocata
329 3048 516 3127 copulatione
553 3051 725 3109 nominativi
756 3059 787 3111 et
819 3052 943 3111 vocattvi
977 3052 1062 3123 Αῖας
1090 3042 1260 3132 Ἰλομενεῦ
1292 3074 1331 3117 τε

156 3147 195 3207 lo.
211 3146 471 3225 Wackernagelius
494 3155 682 3207 sanaverunt.

246 3243 337 3321 §et
365 3244 429 3304 lion
449 3244 544 3305 solum
563 3247 631 3304 vitia
652 3263 790 3305 versuum
811 3244 930 3306 llomeri
949 3248 1062 3307 criticis
1081 3246 1204 3308 medelis
1224 3247 1330 3309 tollere

156 3352 186 3403 et
218 3361 370 3402 removere
401 3344 498 3402 conati
529 3361 647 3422 snmus,
677 3342 729 3402 secl
760 3344 861 3421 etiam,
891 3345 917 3401 si
947 3342 1007 3402 leni
1036 3343 1153 3405 admota
1182 3345 1333 3407 medicina

157 3443 222 3501 lieri
247 3441 358 3521 potuit,
381 3458 485 3500 uersus
508 3439 657 3518 pcrpoIIre
681 3451 711 3500 et
734 3440 860 3517 levigare
880 3458 987 3518 operae
1011 3443 1139 3520 pretium
1159 3461 1224 3503 esse
1244 3442 1332 3505 duxi-

157 3558 238 3618 rnus;
271 3557 327 3617 qua
355 3539 385 3598 in
414 3556 447 3598 re
476 3540 500 3597 si
531 3540 716 3616 propositum
745 3538 834 3597 linem
862 3556 920 3597 non
954 3538 1040 3618 plene
1068 3543 1196 3600 assecuti
1223 3559 1331 3603 sumus

158 3655 254 3715 neque
274 3655 428 3717 namecca,
453 3636 554 3716 qrrales
572 3653 608 3695 ex
628 3653 679 3694 ure
699 3638 931 3713 ingeniosissimi
950 3644 980 3696 et
998 3639 1199 3698 venustissimi
1223 3648 1331 3717 poetae

157 3734 334 3812 prolluxlsse
355 3734 507 3813 probabile
527 3741 585 3811 est,
605 3732 690 3812 plane
712 3735 909 3807 restituimus,
929 3733 1044 3794 obstitit
1064 3737 1228 3797 reverentia
1247 3735 1330 3797 cndi-

157 3850 239 3910 cum,
261 3850 395 3911 ‚queomm
424 3833 547 3894 traditas
574 3831 717 3891 lectiones
743 3840 862 3909 praeter
885 3834 1093 3894 necessitatem
1116 3835 1244 3913 migrare
1268 3852 1331 3897 non

247 4004 273 4069 1)
294 4001 387 4057 Prima
414 4002 524 4069 syllaba
548 4002 626 4056 verbi
653 3997 741 4057 ἀείδω
770 4006 915 4072 praeterea
941 4003 1080 4073 producis
1107 4006 1151 4059 esi
1178 4005 1207 4059 in
1230 4004 1329 4074 hymn.

157 4080 238 4136 Hom.
253 4081 304 4135 XII
319 4086 348 4149 1,
366 4080 458 4135 XVIII
474 4088 502 4148 l,
520 4080 622 4137 XXVII
638 4089 667 4150 1,
687 4084 717 4138 ll.
737 4098 814 4152 parv.
829 4082 861 4137 ir.
879 4088 892 4135 1
912 4087 941 4138 eb
959 4098 1043 4152 saepe
1062 4083 1138 4153 apud
1156 4082 1330 4154 posteriores

158 4164 267 4230 poetam
287 4162 322 4215 ci.
340 4160 452 4227 HarteI,
472 4160 563 4217 Wien.
583 4163 661 4216 stud.
680 4164 735 4218 15.
