2984 5092
195 339 259 403 518
678 340 829 390 ιιιιιιοε
849 340 872 390 ο

736 439 753 476 0

195 503 324 581 πάντετ,
348 505 367 567 ὃ
391 502 420 566 δ’
443 502 515 567 οἷον
538 502 660 582 ἔπεφνε
686 503 873 581 Μυκηναῖον
896 503 1098 581 Περιφήτην,

199 613 343 689 Κοπρήοε
367 611 465 690 φίλον
490 609 573 689 υἱόν,
597 610 633 673 ὃ(
657 609 833 688 Εὐρυτθήοε
857 607 983 673 ἀέθλων

196 716 348 796 ἀγγελίην
371 717 514 795 οἵχνετκε
541 717 588 800 βίη
612 715 814 798 Ἡρακληείη·

194 828 252 888 τοῦ
276 821 380 899 γένετ’
402 824 436 887 έκ
460 824 581 902 πατρὸε
605 824 690 887 πολὺ
713 822 860 901 χείρονοτ
884 822 952 886 υἱὸε
975 820 1115 900 ἀμείνων

197 930 351 995 παντοία(
375 929 503 1009 ἀρετάε,
528 930 606 1009 ἠμέν
631 928 733 992 πόδα(
757 929 813 1006 ἠδέ
838 927 1002 1007 μάχεεθαι,

196 1038 246 1101 καὶ
270 1037 349 1101 νόον
372 1038 408 1101 έν
432 1037 583 1116 πρώτοιτι
607 1036 800 1114 Μυκηναίων
824 1036 985 1100 ἐτέτυκτοΙ

196 1143 232 1207 ὅ(
256 1143 297 1223 ῥα
319 1143 387 1209 τόθ’
409 1145 534 1223 Ἕκτορι
558 1149 653 1209 κῦδοε
677 1143 854 1221 ὑπέρτερον
877 1143 1072 1220 ἐγγυάλιξεν.

197 1251 362 1329 ττρεφθεὶ(
385 1251 446 1329 γὰρ
471 1250 658 1328 μετόπιεθεν
681 1251 717 1314 ἐν
741 1249 872 1315 ἀεπίδοε
896 1249 1007 1326 ἄντυγι
1030 1249 1148 1327 πάλτο,

198 1359 256 1437 τήν
281 1358 377 1421 αὐτὸ(
401 1360 555 1436 φορέετκε
579 1355 756 1436 ποδηνεκέ’,
781 1358 872 1436 έρκο(
896 1354 1055 1422 ἀκόντων·

198 1470 235 1546 τῇ
260 1462 278 1526 ὅ
302 1463 332 1539 γ’
354 1464 402 1528 ἐνί
428 1466 580 1544 βλαφθελε
604 1467 699 1529 πέεεν
722 1465 846 1542 ὕπτιοε,
870 1463 951 1544 ἀμφὶ
975 1466 1010 1528 δὲ
1034 1466 1136 1544 πήληξ

199 1573 395 1649 εμερδαλέον
418 1570 571 1650 κονάβητε
597 1573 668 1650 περὶ
692 1570 878 1652 κροτάφοιει
901 1571 1065 1637 πετόντοτ.

198 1677 318 1754 Ἕκτωρ
343 1676 371 1740 δ’
394 1676 450 1742 ὀξὺ
474 1676 580 1756 νόηεε,
605 1680 707 1743 θέξων
730 1681 765 1744 δέ
790 1685 838 1744 λοι
862 1677 935 1756 ἀγχι
959 1681 1110 1758 παρέετη,

199 1787 303 1863 ετήθεϊ
326 1782 355 1847 δ’
377 1784 413 1848 ἐν
437 1783 515 1863 δόρυ
539 1789 631 1864 πῆξε,
655 1785 761 1865 φίλων
785 1788 820 1850 δέ
844 1807 896 1861 μιν
920 1787 1015 1863 ἐγγὺε
1039 1786 1175 1865 ἑταίρων

199 1888 303 1969 κτεῖν’,
328 1891 359 1955 οἳ
383 1889 411 1954 δ’
434 1890 492 1955 οὐκ
515 1891 685 1975 ἐδύναντο,
708 1893 759 1955 καὶ
783 1891 955 1971 ἀχνύμενοί
979 1913 1039 1972 περ
1063 1889 1204 1972 ἑταίρου,

200 2002 378 2076 χραιτμεῑν·
402 1997 491 2062 αὐτοὶ
515 1998 576 2077 γὰρ
601 1997 685 2076 μάλα
708 1999 847 2063 δείδιεαν
870 2000 1006 2079 Ἕκτορα
1030 2004 1111 2064 δῖον.

289 2104 418 2169 εἰτωποὶ
442 2102 470 2167 δ’
493 2105 646 2180 ἐγένοντο
670 2109 767 2184 νεῶν,
792 2107 863 2185 περὶ
887 2105 915 2170 δ’
939 2105 1071 2184 ἔεχεθον
1094 2103 1185 2184 ἄκραι

200 2217 287 2291 νήετ,
311 2210 381 2275 όεαι
404 2214 527 2289 πρῶται
552 2211 692 2291 εἰρύατο·
716 2214 765 2277 τοὶ
789 2211 817 2276 δ’
840 2214 1006 2291 ἐπέχυντο.

200 2319 335 2396 Ἀργεῖοι
359 2319 394 2381 δὲ
419 2321 503 2382 νεῶν
527 2319 584 2395 μὲν
608 2319 774 2397 ἐχώρηεαν
798 2321 848 2383 καὶ
872 2318 993 2402 ἀνάγκῃ

200 2429 265 2489 τῶν
288 2425 457 2504 πρωτέων,
482 2425 581 2489 αὐτοῦ
605 2427 640 2489 δέ
665 2427 752 2505 παρὰ
776 2427 923 2510 κλιείητιν
946 2426 1075 2504 ἔμειναν

200 2532 326 2611 ἁθρόοι,
351 2530 419 2596 οὐδ’
442 2533 610 2597 έκέδαεθεν
634 2532 696 2596 ἀνὰ
719 2532 865 2624 ιτρατόν
889 2532 956 2611 ίεχε
980 2533 1041 2611 γὰρ
1066 2533 1164 2597 αἰδώε

200 2640 251 2702 καί
275 2640 378 2703 δίέοτ·
403 2637 516 2716 ἀζηχὲς
539 2639 601 2718 γὰρ
625 2638 783 2717 ὁμόκλεον
806 2639 997 2720 ἀλλήλοιειν.

203 2747 330 2824 Νέετωρ
354 2745 428 2810 αιἰτε
454 2745 584 2823 μάλιιτα
609 2747 629 2809 Γ
631 2748 769 2825 ερήνιοτ,
793 2747 889 2825 οὖροε
913 2747 1063 2826 Ἀχαιῶν,

202 2852 314 2916 λίετεθ’
338 2853 418 2931 ὑπὲρ
441 2854 564 2916 τοκέων
587 2854 805 2931 γουνούμενος
829 2852 931 2932 ἀνδρα
954 2857 1118 2919 ξέκαετον·

201 2957 246 3037 ,ὠ
270 2959 372 3037 φίλοι,
396 2957 506 3036 ἀνέρε(
530 2959 612 3038 ἔττε,
637 2961 687 3023 καί
710 2959 789 3023 αίδῶ
813 2960 895 3025 θὲεθ’
918 2962 965 3025 ένὶ
990 2967 1080 3045 θυμῷ

202 3064 311 3129 ἄλλων
335 3065 529 3144 ἀνθρώπων,
553 3066 604 3130 ἐπὶ
629 3068 664 3130 δέ
688 3069 841 3145 μνήταεθε
865 3069 1013 3131 ξέκαττοε

203 3173 327 3236 παίδων
350 3171 399 3250 ἠδ’
423 3170 552 3250 ἀλόχων
576 3173 626 3236 καί
650 3176 771 3252 κτήειοτ
796 3174 852 3250 ἠδέ
876 3176 1014 3253 τοκήων,

203 3280 280 3356 ήμὲν
304 3280 387 3362 ὅτεῳ
410 3281 524 3345 Ζώουτι
548 3281 597 3343 καὶ
622 3280 648 3363 ᾧ
673 3283 947 3360 κατατεθνήκατιν.

202 3390 268 3449 τῶν
292 3388 372 3464 ὕπερ
396 3387 502 3452 ἐνθάδ’
525 3389 590 3464 ἐγὼ
614 3387 809 3464 γουνάζομαι
833 3388 872 3451 οὐ
898 3388 1088 3467 παρεόντων

203 3492 368 3572 έιτάμεναι
392 3499 565 3572 κρατερῶι·
589 3497 666 3573 μηδὲ
690 3499 856 3573 τρωπᾶιθε
881 3495 1053 3575 φόβονδε.“

277 3698 639 3750 649=A3430t044⁶2
749 3694 970 3749 651b==0125
1079 3698 1281 3752 6540=375

206 3782 374 3830 6519=370
430 3781 594 3830 601=651
651 3782 855 3830 663²=2115
911 3776 1100 3831 666chssss
1155 3781 1375 3830 666³=A41Q

278 3959 329 4007 639
348 3948 462 4007 ἀέθλων
479 3956 500 4007 Α
520 3953 548 4007 in
563 3971 663 4024 marg:
683 3951 805 4016 ἄνακτος
823 3953 904 4022 ΑΟΙ),
923 3957 1071 4022 utramque
1090 3954 1238 4008 lectionem
1257 3955 1378 4008 ίεοίιιίυι

207 4034 283 4087 Euat.
365 4039 417 4087 640
436 4027 568 4103 ἀγγελίην
588 4035 663 4089 Zona
684 4028 813 4104 ἀγγελίης
832 4035 924 4101 codd.,
945 4035 979 4088 cf.
1003 4039 1090 4088 Γ206
1173 4040 1224 4088 642
1244 4054 1285 4102 γρ.
1305 4054 1375 4087 παν-

206 4116 285 4181 τοίην
305 4109 408 4181 ἀρετήν
429 4114 518 4181 Eunt„
539 4113 574 4168 cf.
594 4116 611 4167 δ
631 4121 681 4168 725
790 4121 841 4168 645
861 4111 961 4168 πάλτοι
990 4135 1030 4183 γρ.
1051 4106 1117 4168 ἆλτο
1137 4115 1224 4169 schol.
1245 4117 1268 4168 A

207 4199 258 4248 646
278 4192 472 4262 ποδηνεκλςίλ
581 4201 632 4249 652
652 4190 718 4265 μάλ’
740 4190 881 4249 ἐδείδισαν
902 4195 925 4248 D
1024 4202 1074 4249 663
1096 4192 1223 4249 είσωποίι
1252 4195 1285 4248 cf.
1307 4196 1377 4265 prol.

206 4295 233 4344 p.
253 4281 284 4327 41
360 4280 411 4328 666
430 4273 561 4341 πρωτέων
580 4275 640 4329 AG:
666 4274 809 4342 προτέρων
828 4275 866 4345 D,
886 4296 926 4344 γρ.
951 4271 1067 4343 προίτων
1090 4277 1138 4329 καί
1162 4274 1305 4343 προτέρων
1328 4276 1378 4329 ιιαλ

208 4352 341 4421 πρωτέων
361 4355 447 4409 schol.
469 4358 491 4408 A
512 4388 544 4394 -
565 4350 654 4410 αὐτοῦ
674 4354 732 4409 CD:
753 4351 833 4410 αὐτοὶ
853 4358 875 4408 Α
934 4361 985 4409 668
1005 4353 1070 4425 yde:
1090 4351 1116 4408 t’
1136 4351 1172 4421 ἀρ
1191 4354 1261 4409 coni.
1276 4355 1377 4409 Nauck

209 4441 260 4488 666
280 4434 446 4500 τρωπᾶσθαι
466 4435 488 4486 Α
508 4453 544 4490 m.
565 4454 605 4505 pr.
643 4433 806 4504 τροπαίαοθε
827 4436 905 4489 codd.
926 4435 993 4489 dett.
