2984 5092
631 344 850 408 ...78-

199 508 227 568 d)
254 505 416 568 535—41.
446 508 475 567 Ο
506 505 647 568 63-17.
680 507 709 566 Τ
732 506 835 567 95-·
1021 508 1155 567 imitatur

158 603 220 666 iao
248 615 304 666 m.
832 584 987 665 'aeros
1112 600 1219 683 :aas

156 703 358 763 Additamenta
396 705 475 763 varia
513 705 668 763 maximam
705 670 835 811 partem:
880 699 987 761 1382
1114 699 1159 762 :d
1187 697 1248 761 ini

156 800 296 860 fabularia
321 820 336 860 a
360 799 479 879 cyclicis
502 802 598 880 poetis
617 811 647 860 et
665 800 835 880 rirapsodis¹
879 800 910 860 A
925 796 988 860 697
1115 819 1163 879 ιφ
1186 797 1226 858 itt

156 901 278 979 inuecta,
300 899 336 959 de
356 898 465 978 quibus
484 917 573 976 supra
592 896 634 974 ἐξ
656 895 782 958 12-11
803 893 864 957 a'?
880 898 910 956 A
925 895 990 958 705
1115 918 1149 957 :c
1173 894 1218 958 42

156 995 242 1056 nobis
265 996 447 1075 disputatum
473 1006 528 1057 est.
573 993 820 1073 interpolationes
878 995 910 1055 Λ
926 992 989 1055 idn
1115 1015 1122 1054 :
1136 1016 1160 1074 μ
1186 991 1227 1055 16

156 1096 282 1154 maiores
316 1094 439 1171 catalogi
471 1095 587 1153 navium
618 1103 647 1154 et
675 1092 818 1153 librorum
847 1088 915 1152 ?-N
926 1089 989 1153 651
1116 1090 1237 1167 εξ286

157 1191 190 1266 i,
226 1192 264 1251 qr
301 1193 357 1250 iam
396 1209 450 1250 sno
484 1191 548 1251 ioco
581 1208 650 1250 cum
684 1186 907 1311 versibrrslio
924 1187 989 1250 665
1114 1187 1218 1251 :teu

157 1287 255 1348 Iliadis
278 1298 307 1349 et
331 1288 479 1367 Odysseae
503 1287 624 1348 collatae
649 1296 726 1349 sarrit,
832 1324 835 1337 ·
879 1288 914 1346 Σ
926 1285 991 1348 363
1112 1307 1157 1348 :v
1173 1285 1218 1348 46

832 1386 835 1507 q
879 1381 946 1445 118
1070 1381 1332 1447 :altissiod

880 1480 913 1540 Ω
927 1477 992 1542 558
1106 1501 1152 1542 :rr
1166 1480 1233 1545 388

832 1560 913 1687 qn
929 1575 993 1639 aaa
1105 1578 1229 1642 :anos

832 1692 836 1895 1
981 1675 1116 1755 exemplo
1140 1677 1197 1738 luit

880 1770 992 1834 orso
1114 1764 1240 1854 :peso

833 1867 1054 1943 ,tisim—3
1110 1870 1310 1952 εη224-5

833 1950 1057 2048 :ancos-c
1107 1968 1303 2033 :anea-3

366 2208 416 2262 De
439 2205 609 2262 antoninus
632 2204 822 2260 carminum
844 2205 1125 2264 discriminandis.

247 2324 267 2401 ξ
291 2323 343 2386 38.
390 2326 471 2397 Quae
500 2327 531 2385 in
555 2323 653 2384 tabuia
677 2322 870 2383 antecedente
893 2326 1001 2404 cuique
1025 2327 1150 2386 carmini
1172 2327 1333 2404 assignari-

158 2442 224 2483 mns
249 2433 394 2504 tempora,
418 2442 476 2483 non
500 2441 593 2501 aeque
617 2422 714 2480 omnia
739 2429 819 2481 certa
844 2429 932 2498 atque
955 2423 1105 2501 explorate
1129 2432 1208 2501 sunt,
1232 2441 1332 2503 neque

158 2541 229 2582 num
253 2529 334 2581 certa
358 2530 388 2580 et
410 2520 575 2582 indubitata
599 2522 668 2599 sint,
690 2537 783 2598 aeque
806 2521 837 2579 in
861 2520 998 2581 omnibns
1021 2522 1122 2581 reiert.
1164 2519 1331 2580 Plurimum

159 2623 293 2699 interesi‚
316 2628 349 2679 ut
373 2619 437 2698 tibi,
460 2618 584 2679 candide
608 2617 710 2695 lecim,
734 2616 914 2693 persuadeas
937 2637 1056 2679 carmen
1076 2619 1225 2677 decimum
1244 2619 1331 2697 quin·

159 2727 221 2778 inm
260 2726 326 2796 post
363 2719 492 2777 carmina
530 2716 677 2776 decimum
715 2723 849 2774 octavum
883 2723 913 2774 et
946 2718 1128 2776 tricesimum
1162 2718 1333 2797 septimum,

159 2834 277 2874 carmen
302 2815 449 2874 decimum
473 2821 589 2873 sextnm
613 2814 674 2871 sive
695 2809 883 2890 Πρεσβείαν
907 2821 974 2889 post
997 2823 1128 2874 veterem
1146 2812 1333 2873 Patrocleam

159 2913 330 2989 composita,
352 2911 479 2988 deniqne
499 2910 591 2970 libros
606 2904 737 2978 ΜΝΞΟ
756 2907 838 2968 iiiadi
857 2912 914 2969 iam
939 2910 1129 2972 adumbratae
1149 2911 1333 2990 postliminio

159 3013 287 3069 intextos
311 3025 385 3066 esse.
432 3008 528 3086 Atque
552 3005 624 3065 haec
648 3004 768 3083 quidem
791 3014 824 3065 ut
847 3009 1019 3083 gravissima
1038 3008 1162 3069 suntad
1182 3010 1332 3086 originem

160 3104 257 3165 iliadis
286 3104 409 3182 eiusque
437 3103 694 3181 amplificationem
722 3103 929 3184 indagandam,
957 3107 996 3165 ita
1025 3109 1116 3166 coriis
1144 3108 1332 3184 argumentis

160 3205 330 3263 coniirmata
364 3208 393 3260 et
421 3200 548 3261 stabilita
577 3219 642 3260 esso
670 3198 742 3259 mibi
771 3200 889 3278 quidem
918 3199 1097 3283 videniur.¹i
1145 3202 1217 3263 item
1246 3202 1333 3263 iioio·

160 3319 244 3361 neam
268 3316 447 3379 quamquam
470 3298 618 3358 decimum
644 3296 740 3356 locum
764 3298 842 3357 inter
861 3297 951 3357 libros
972 3296 1070 3358 iliadis
1090 3298 1212 3377 obtinet,
1232 3308 1333 3360 tamen

161 3399 293 3458 ultimam
325 3395 505 3457 carminibus
533 3394 632 3455 iliadis
660 3396 821 3455 accessisse
849 3401 978 3473 constai3
1009 3394 1060 3454 sed
1090 3394 1145 3454 boc
1174 3403 1204 3455 et
1233 3398 1334 3457 minus

160 3495 364 3556 addubitatum
392 3511 458 3554 esse
482 3512 496 3553 a
522 3495 593 3553 viris
616 3494 712 3553 doctis
735 3491 820 3550 uideo
844 3500 874 3551 ct
897 3493 995 3551 mirrus
1019 3492 1055 3552 ad
1079 3496 1269 3569 quaestiones
1294 3495 1333 3556 de

160 3594 273 3671 origine
297 3590 396 3650 iliadis
419 3592 544 3650 attinere
568 3600 698 3670 apparet.

251 3688 305 3748 itiu
320 3696 418 3747 autem
433 3706 542 3766 anceps
556 3689 646 3747 animi
660 3687 751 3767 haesi,
764 3695 864 3747 utrum
880 3706 928 3746 res
942 3688 1037 3765 primo
1048 3688 1096 3747 die
1107 3707 1222 3767 pugnae
1233 3698 1334 3767 gestus
1362 3694 1368 3701 “

162 3791 288 3867 primum
314 3786 388 3846 libro
413 3785 570 3845 undecimo
591 3784 721 3844 brevitor
740 3784 938 3863 adumbratas,
961 3784 1068 3844 deinde
1088 3793 1228 3863 quattuor·
1247 3786 1335 3847 libris

162 3885 286 3945 ΒΓΔΕ
307 3885 426 3962 copiose
451 3882 611 3942 illustratas
635 3902 700 3942 esse
725 3890 868 3961 putarem,
892 3900 928 3940 an
948 3900 1033 3941 versa
1052 3885 1116 3942 vico
1135 3891 1203 3960 post
1221 3885 1335 3961 proelia

163 4033 376 4044 *αι-α

255 4104 280 4169 1)
299 4100 471 4155 Gravissima
489 4103 654 4169 argumente
673 4101 732 4169 ipse
747 4099 775 4155 in
790 4098 888 4153 tabule
903 4097 1100 4168 chronologice
1114 4100 1208 4169 uituli,
1226 4100 1337 4159 leviora

164 4179 281 4250 colliges
304 4197 337 4234 ex
361 4179 471 4235 Henlzii
494 4179 709 4248 diligentissima
732 4178 887 4250 appendice
911 4177 1043 4232 editionis
1068 4178 1191 4234 Homeri.
1230 4178 1339 4244 Quodsi

164 4258 313 4329 Legationi
344 4260 409 4328 posi
437 4258 611 4313 Putroeieam
639 4259 811 4329 compositae
840 4260 917 4312 ceria
943 4261 1110 4327 argumenta
1138 4259 1237 4314 adesse
1265 4260 1336 4333 dixi,

164 4338 269 4406 Kionii‚
295 4337 415 4392 bominis
434 4339 509 4391 omni
528 4339 597 4392 recti
617 4341 730 4409 verique
750 4355 833 4392 sensu
852 4337 989 4406 destituti,
1008 4336 1160 4408 nugatoria
1177 4345 1339 4398 commento

164 4418 253 4473 sciens
271 4416 391 4487 neglexi.
