2984 5092
683 310 900 373 ,16-

208 475 328 554 bantur,
361 492 410 534 res
442 476 505 552 ipsa
535 474 663 554 serebat,
695 481 729 533 ut
760 492 834 552 quae
862 476 987 533 maxime
1016 476 1094 533 inter
1122 493 1154 534 se
1183 475 1383 536 cohaerebant

208 576 337 633 carmina
366 572 510 651 eligerent
537 575 826 651 coniungerentque,
857 571 937 631 velut
967 569 993 630 1.
1023 570 1051 632 2.
1082 570 1111 632 3.
1136 571 1164 632 5.
1189 571 1219 633 0.
1245 571 1273 633 7.
1298 572 1326 634 8.
1351 571 1382 633 9.

209 669 259 731 10.
286 669 335 731 11.
362 668 411 731 12.
438 668 487 748 13,
511 670 556 730 vel
583 668 631 731 18.
655 668 706 730 20.
731 667 782 731 21.
806 667 857 730 22.
882 667 933 729 23.
957 667 1009 748 24,
1033 669 1078 729 rel
1103 668 1153 730 25.
1178 668 1229 730 26.
1254 667 1305 731 27.
1330 669 1382 732 28.

208 765 264 846 29,
293 767 338 827 rel
361 765 413 829 32.
441 765 492 828 33.
521 765 572 828 35.
601 765 652 828 36.
680 765 731 828 37.
779 767 886 826 Verum
916 770 939 825 si
970 767 1104 842 homines
1133 777 1224 829 totam
1254 768 1381 828 fabulam

208 865 326 925 Iliacam
346 883 525 944 cognoscere
546 865 691 944 volebant,
710 866 748 925 ob
768 868 912 943 temporis
931 866 1029 926 aulem
1049 866 1224 926 breuitatem
1243 868 1383 927 omnibus

209 962 260 1022 XL
297 963 478 1024 carminibus
515 963 670 1024 audiendis
708 983 766 1023 uon
800 963 955 1043 vacabant,
989 967 1117 1042 primum
1151 967 1383 1043 circumspicere

210 1061 372 1139 rhapsodos
400 1060 567 1142 oportebat,
595 1079 669 1139 quae
694 1063 823 1120 carmina
848 1064 912 1120 sine
936 1080 1041 1139 magno
1066 1061 1179 1122 labulae
1204 1064 1383 1123 detrimento

209 1161 305 1219 omitti
327 1166 458 1238 possent.
495 1158 574 1217 Talia
599 1167 704 1237 sponte
728 1178 759 1218 se
784 1153 1291 1238 οίῐο1οΙ111111Κατάλογοςνεῶν,
1316 1163 1383 1221 Δο-

209 1248 346 1334 λώνειο,
378 1247 586 1333 Ὁπλοποιία,
613 1240 719 1316 'Arida
753 1252 805 1317 ἐπὶ
838 1249 1038 1340 Πατρόκλῳ,
1073 1248 1232 1336 Ἕκτορος
1265 1251 1380 1336 λύτρα,

209 1352 337 1431 denique
363 1371 437 1432 quae
457 1360 606 1431 tamquam
626 1354 756 1430 episodia
776 1353 960 1431 longioribus
979 1354 1161 1414 carminibus
1181 1357 1292 1415 intexta
1312 1365 1382 1416 sunt

213 1450 446 1528 Τειχοσκοπίο,
473 1442 707 1529 Ἐπιπτόλησις,
738 1443 931 1530 Διομήδους
958 1446 1014 1511 καὶ
1040 1445 1193 1513 Γλαύκου
1216 1447 1380 1533 συμβολή,

211 1541 435 1626 Σαρπηδόνος
445 1537 624 1628 ἀναίρεσις,
636 1540 889 1627 Αὐτομέδοντος
903 1539 1063 1628 ἀριστεία,
1075 1547 1214 1608 Αἰνείου
1224 1541 1383 1629 ἀριστεία.

211 1644 268 1704 Sed
288 1648 314 1704 si
333 1664 370 1705 ne
389 1645 436 1705 bis
455 1646 574 1725 quidem
594 1646 776 1705 carminibus
795 1647 919 1705 resectis
941 1654 1058 1724 tempus
1073 1645 1247 1720 totilliaeae
1268 1646 1383 1707 labulae

121 1728 126 1735 ⁴
211 1744 392 1803 enarrandae
412 1742 587 1823 sufficiebat,
611 1746 699 1803 etiam
717 1747 809 1822 magis
826 1746 956 1803 carmina
974 1744 1175 1804 contrahenda
1192 1753 1284 1824 erant,
1304 1745 1382 1823 quod

211 1861 270 1920 quo
293 1842 381 1901 modo
405 1842 514 1902 lactum
538 1860 603 1900 esse
624 1842 765 1920 rideatur,
788 1841 834 1900 liis
854 1840 1010 1901 ordinibus
1030 1844 1195 1902 carminum
1215 1841 1385 1902 illustrabo:

244 1932 253 1943 ’
302 1939 327 2000 1.
353 1938 381 1999 2.
406 1937 434 1999 3.
459 1937 488 2000 5.
513 1937 540 1999 7.
565 1937 593 1999 9.
620 1936 668 2000 18.
694 1936 744 2000 20.
768 1937 819 1999 21.
843 1936 894 1997 24.
920 1936 970 1999 25.
995 1935 1046 1998 32.
1071 1936 1121 1999 33.
1146 1937 1197 1998 35.
1222 1936 1274 2018 37,

303 2035 329 2096 1.
354 2034 382 2097 2.
410 2035 458 2097 15.
485 2035 534 2097 16.
551 2035 609 2110 18.
637 2034 684 2096 19.
709 2033 760 2095 25.
784 2032 835 2095 20.
860 2033 911 2096 32.
935 2033 987 2096 33.
1012 2033 1063 2097 35.
1092 2034 1144 2114 37,

304 2134 329 2193 l.
355 2132 383 2194 2.
411 2132 458 2195 18.
482 2132 533 2194 20.
558 2133 608 2194 21.
633 2131 773 2194 25-20.
798 2130 848 2193 33.
873 2130 924 2193 35.
949 2130 1000 2193 37.
1025 2130 1077 2211 38,

303 2231 329 2291 1·.
354 2228 382 2290 2.
410 2227 457 2291 15.
485 2229 533 2290 10.
560 2228 608 2292 18.
633 2228 685 2290 20.
709 2228 760 2290 25.
784 2228 835 2289 32.
860 2227 911 2290 33.
935 2228 986 2290 35.
1012 2228 1064 2308 37,

303 2327 328 2387 1.
353 2326 382 2387 2.
410 2326 459 2389 13.
484 2325 535 2388 25.
559 2326 609 2389 33.
635 2326 686 2387 35.
710 2326 761 2388 37.

212 2427 345 2505 lienique
369 2429 393 2485 si
418 2429 486 2505 quis
509 2445 543 2487 ex
569 2445 615 2486 me
640 2436 775 2505 quaerat,
805 2445 879 2505 quos
903 2429 1120 2505 sapientissime
1144 2436 1261 2506 optasse
1285 2429 1384 2487 existi-

212 2543 303 2604 mem,
331 2524 409 2584 haud
438 2534 614 2585 cunctanter
643 2525 767 2602 palmam
797 2528 833 2584 iis
861 2526 1004 2604 tribuam,
1036 2529 1086 2604 qui
1115 2534 1229 2604 partem
1258 2526 1384 2604 aliquam

212 2621 328 2701 plenam
349 2641 436 2700 quam
455 2623 654 2683 abbreviatam
674 2631 764 2682 totam
785 2621 903 2682 lliadem
923 2623 1149 2703 postulaverint,
1168 2626 1294 2684 inanime
1314 2642 1384 2684 rero

212 2721 327 2780 laudem
356 2723 407 2798 qui
431 2729 482 2780 aut
506 2715 630 2798 primam
655 2728 684 2778 et
708 2720 900 2779 clarissimam
925 2731 1038 2800 partem
1063 2724 1124 2782 sive
1148 2724 1278 2781 carmina
1305 2721 1331 2782 1.
1356 2719 1384 2781 2.

213 2816 241 2876 3.
266 2815 516 2895 ,ἵν-1211111111
541 2820 622 2877 omni
645 2836 769 2877 numero
793 2820 957 2879 carminum
984 2819 1218 2897 praeclarissima
1250 2836 1385 2897 quaeque

213 2917 274 2974 sire
303 2914 328 2974 1.
352 2914 381 2975 2.
406 2912 434 2975 3.
459 2913 487 2976 5.
516 2914 563 2974 11.
591 2913 638 2976 18.
664 2914 714 2975 25.
739 2913 779 2975 37
805 2914 957 2994 elegerint.

593 3102 642 3154 De
667 3099 997 3168 interpolationibus.

302 3218 322 3291 ξ
357 3215 405 3276 12.
451 3216 651 3295 lnterpolandi
689 3219 811 3296 prurigo
849 3221 1108 3295 grammaticorum
1142 3221 1384 3298 imitatorumquc

214 3314 324 3376 nullius
352 3332 410 3374 non
440 3318 541 3375 nocuit
570 3318 728 3393 scriptoris
758 3318 933 3396 integritati,
961 3335 1057 3395 neque
1081 3318 1282 3394 antiquissimi
1305 3319 1385 3395 inge·

215 3414 434 3490 niosissimique
459 3423 562 3492 poetae
584 3412 701 3472 llomeri
723 3416 888 3473 reverentia
910 3422 988 3474 tanta
1010 3416 1072 3494 luit,
1097 3425 1130 3474 ut
1148 3414 1233 3476 scioli
1251 3414 1386 3474 homiues

215 3531 267 3572 sua
292 3519 457 3572 commenta
481 3511 633 3590 dactylicis
657 3511 782 3589 pedibus
806 3512 918 3572 inclusa
943 3513 1103 3591 praeclaris
1122 3512 1258 3573 versibus
1278 3515 1385 3572 summi

215 3611 288 3669 ratis
324 3612 457 3669 interere
494 3610 726 3670 deterrerentur.
783 3608 966 3688 Quamquam
1005 3613 1166 3671 auctoritas
1202 3612 1386 3670 recensionis

214 3708 419 3768 Aristarcbeac
458 3707 622 3787 probibuit,
660 3711 818 3787 quominus
856 3717 923 3787 post.
955 3709 1159 3769 Aristarchum
1196 3708 1384 3788 interpolatio

215 3805 339 3865 liberius
368 3816 554 3883 grassaretur
582 3824 720 3865 omnesve
748 3805 867 3864 codices
895 3807 1055 3866 invaderet.
1102 3806 1172 3866 lude
1197 3807 1385 3884 factumest,

216 3911 248 3962 ut
276 3922 393 3983 versus,
422 3907 473 3982 qui
502 3906 588 3983 plauci
617 3923 632 3962 a
657 3903 796 3963 Romanis
819 3902 1022 3981 Byzantinisre
1052 3903 1181 3964 librariis
1204 3903 1295 3963 additi
1319 3920 1384 3962 esse

216 4001 365 4080 ridentur,
396 4005 427 4061 in
455 4003 572 4063 codices
602 4004 729 4080 optimos
759 4019 817 4060 non
842 4002 1017 4081 irrepserint
1041 4009 1068 4061 et
1093 4002 1227 4080 plerique
1251 4018 1306 4078 per
1329 3999 1385 4059 Eu-

215 4100 355 4160 statbium
385 4100 479 4159 solum
508 4100 553 4159 rel
583 4099 770 4160 scholiastam
794 4097 917 4160 Victorii
946 4099 1031 4160 nobis
1055 4102 1247 4160 innotuerint.
1256 4093 1280 4178 ¹)
1327 4098 1384 4158 Sed

292 4205 332 4299 4ἶ)
352 4204 454 4290 eollo
472 4238 639 4304 apparatum
659 4236 784 4290 criticum
805 4236 841 4290 aa
860 4242 881 4288 1
901 4240 1151 4292 caemeterio.
1169 4239 1270 4290 11111.
1286 4237 1311 4289 Θ
1327 4241 1385 4288 mr.

218 4322 310 4369 1111,
331 4318 366 4368 M
383 4322 442 4369 111.
463 4317 495 4368 nt
510 4320 570 4368 ais.
591 4320 730 4370 311113.
752 4322 811 4370 soe.
832 4319 859 4374 Ξ
876 4322 935 4368 aot.
956 4321 1015 4369 aro.
1036 4320 1095 4369 aar.
1117 4317 1142 4367 ο
1156 4319 1179 4367 a.
1200 4321 1242 4367 aa.
1263 4320 1305 4368 re.
1325 4318 1385 4367 ose.

217 4398 242 4448 r
258 4401 300 4448 ao.
324 4397 354 4447 Ψ
370 4402 430 4450 aaa.
449 4397 475 4448 aa
495 4401 555 4450 sot.
