2962 5070
585 276 831 392 -ιιι-

120 511 208 552 mone
237 490 373 552 exulasse
401 492 511 552 dicenti
540 495 679 552 assentiri
703 492 834 552 audeam.
882 494 972 553 immo
993 511 1053 552 non
1077 493 1162 572 longe
1187 514 1202 554 a
1227 514 1297 554 vero

119 591 259 651 aherrarc
279 590 457 651 crediderim
477 593 528 669 qui
548 591 652 650 heoies
671 599 701 650 ct
721 592 846 651 tortasse
866 593 953 651 etiam
974 598 1088 668 partem
1109 591 1221 670 ionum,
1246 594 1295 670 qui

119 687 261 748 heoiihus
284 689 416 748 confines
439 698 551 770 essent,
575 692 728 750 etiamtum
752 689 800 749 iiia
824 692 952 768 genetivi
977 690 1069 748 torma
1094 692 1137 750 uti
1162 690 1293 750 nondum

117 788 243 847 desiisse
277 789 455 865 suspicetur.
501 787 558 848 Sed
592 796 660 848 utut
697 787 753 848 hoc
781 806 813 847 se
847 787 947 866 habet,
976 786 1127 847 sollemnis
1160 806 1232 847 sano
1263 795 1294 848 et

119 886 224 945 ionum
253 903 309 946 usu
335 884 448 965 vulgari
471 893 589 965 recepta
613 887 742 964 genetivi
766 886 859 944 forma
883 885 1067 963 diphthongo
1092 906 1133 945 ου
1159 888 1295 946 termina·

119 983 221 1064 hatur,
244 986 330 1044 errius
353 985 427 1043 iines
452 986 508 1044 nisi
531 983 670 1064 gravibus
694 986 792 1043 carreis
815 1002 874 1043 non
898 990 1073 1062 commotus,
1097 983 1149 1043 sed
1174 992 1296 1045 coactus

119 1082 261 1161 equidem
284 1089 418 1142 coartare
443 1101 502 1143 nou
525 1084 629 1143 ausim.
666 1080 748 1150 Quae
767 1099 835 1142 cum
854 1083 894 1141 ita
915 1083 983 1160 sint,
1008 1080 1162 1159 Lugehilio
1182 1100 1295 1141 morem

119 1201 179 1242 nou
204 1182 365 1262 gessimus»,
388 1183 440 1260 qui
464 1182 494 1241 in
518 1181 766 1241 commentatione
791 1198 880 1259 supra
904 1178 1019 1240 laudata
1043 1199 1071 1259 p.
1095 1177 1160 1240 212
1184 1182 1295 1258 geneti-

119 1296 189 1338 vum
218 1277 378 1356 singularis
405 1281 522 1338 numeri
554 1279 678 1340 secundi
702 1278 829 1359 ordinis,
858 1277 1039 1356 ubicumque
1063 1276 1154 1337 vocali
1179 1280 1293 1357 excipe-

119 1385 219 1458 retur,
249 1395 309 1436 uou
338 1397 394 1455 ov,
424 1375 474 1436 sed
505 1367 549 1436 σι’
580 1377 671 1438 scribi
700 1379 796 1438 iussit.
842 1375 964 1436 Veteres
993 1394 1063 1435 sane
1087 1378 1295 1454 grammaticos

120 1478 179 1535 iam
202 1474 355 1536 dubitasse
379 1493 413 1534 ex
438 1473 560 1535 scholiis
584 1475 647 1535 cod.
672 1474 742 1536 Ven.
766 1478 799 1536 A
822 1477 1031 1555 comperimus
1056 1493 1127 1534 num
1150 1477 1181 1535 iu
1205 1476 1294 1535 versi-

117 1573 175 1633 hus
202 1575 232 1633 Λ
257 1571 300 1633 34
324 1592 388 1652 sqq.
1169 1558 1172 1563 ’

282 1665 318 1731 έν
343 1664 383 1731 δέ
402 1673 457 1731 foc
481 1661 628 1751 ὀμφαλοὶ
652 1657 740 1753 ἦσαν
764 1667 908 1732 ε’ίείκοσι
931 1665 1140 1750 κασσιτέροιο

282 1767 409 1847 λευκοί,
433 1763 470 1829 ἐν
495 1761 532 1830 δέ
555 1763 708 1848 μέσοισιν
732 1768 786 1830 έεν
809 1763 952 1848 μέλανος
974 1760 1116 1829 κυάνοιο

84 1879 92 1893 ·
118 1866 259 1927 Acri<
267 1867 323 1926 01
344 1868 515 1926 nominativi
538 1866 671 1946 pluralis,
695 1886 731 1927 au
755 1868 882 1945 genetivi
907 1865 1065 1944 singularis
1086 1869 1144 1926 vim
1164 1866 1294 1926 haberet.

119 1965 178 2025 Sed
218 1973 252 2024 ut
289 1973 401 2025 taceam
434 1964 571 2025 codicum
604 1965 692 2024 tidem
727 1966 964 2025 terminationem
997 1966 1125 2043 genetivi
1159 1985 1200 2025 ου
1235 1984 1294 2024 uno

116 2082 268 2127 consensu
301 2064 540 2124 confirmantium
572 2071 602 2124 et
631 2063 772 2123 duritiem
800 2062 908 2122 vocalis
938 2081 956 2121 ο
986 2063 1086 2123 suihxi
1115 2082 1167 2123 οιο
1196 2061 1295 2144 elisae,

118 2166 246 2225 sormam
274 2162 468 2241 alienigenam
496 2169 526 2222 et
553 2163 823 2240 intermorientem,
853 2160 970 2239 qualem
994 2162 1162 2239 genetivum
1187 2162 1217 2220 in
1242 2180 1294 2221 οιο

118 2263 212 2322 inisse
242 2267 337 2340 patet,
367 2267 575 2339 praeterquam
605 2261 630 2319 si
659 2260 776 2320 numeri
801 2261 1008 2320 necessitatem
1032 2258 1179 2339 quandam
1202 2260 1294 2337 impo-

116 2368 201 2440 nant,
225 2360 345 2420 restitui
367 2361 462 2419 iustae
487 2360 560 2418 artis
583 2360 704 2419 criticae
728 2356 809 2435 leges
833 2365 940 2418 vetant.

209 2457 230 2534 ξ
255 2454 305 2519 80.
353 2456 414 2517 Alia
443 2465 489 2517 est
517 2475 605 2517 eausa
629 2458 834 2535 genetivorum
858 2459 888 2517 iu
913 2475 968 2534 oo,
998 2474 1073 2535 quos
1097 2455 1295 2518 Buttmannus

117 2558 200 2617 Ausi.
230 2555 280 2615 Gr.
303 2555 316 2615 l
339 2552 404 2616 299
433 2564 463 2616 et
486 2556 649 2616 hhrcnsius
673 2555 766 2615 Rhen.
790 2554 865 2615 Mus.
894 2554 920 2613 ΙΙ
952 2553 1012 2615 161
1042 2555 1180 2615 undecim
1210 2558 1294 2616 mini·
1357 2633 1359 2636 y

119 2674 203 2716 mum
232 2654 304 2714 iocis
328 2662 430 2714 contra
454 2652 599 2714 iihrorum
623 2671 802 2713 consensum
822 2643 1009 2732 reponendos
1029 2669 1094 2713 esse
1114 2653 1294 2714 docuerunt:

160 2744 261 2814 Ἰλίοο
295 2743 412 2834 (Ἰλίου
446 2747 544 2834 codd.)
577 2744 811 2831 προπάροιθεν
843 2745 922 2833 ἐμῇς
955 2746 992 2812 έν
1024 2743 1116 2834 χερσὶ
1149 2743 1293 2832 βάλῃσιν

333 2842 381 2931 (Φ
407 2846 478 2909 104.
503 2850 536 2910 Χ
556 2847 585 2911 6.
610 2851 639 2910 0
662 2846 733 2930 66)·
1342 2842 1344 2846 ’

163 2939 210 3021 ὃς
233 2937 337 3009 είπῶυ
361 2945 498 3026 ἔτρεψεν
522 2937 689 3027 άδελφεόο
713 2938 907 3028 (ἀδελφειοῦ
931 2940 1032 3028 codd.)
1056 2940 1183 3027 φρένας
1205 2937 1294 3026 ἥρως

332 3038 379 3126 (Ε
400 3039 451 3105 21.
482 3042 585 3106 261.
613 3044 652 3105 Η
672 3042 743 3105 120.
768 3044 806 3104 Ν
828 3037 919 3127 788)-

164 3137 352 3226 ἐντρέπεται
379 3140 481 3222 φίλον
510 3127 591 3223 ἦτορ
619 3133 761 3216 άνεψιόο
791 3132 949 3221 (άνεψιοῦ
981 3135 1081 3221 οοδδ.)
1113 3136 1291 3221 κταμένοιο

163 3336 287 3422 νήπιον
301 3331 395 3401 οὔπω
409 3328 542 3400 ίειδόθ’
559 3329 690 3419 ὁμοιίοο
704 3326 855 3420 (ὁμοιίου
870 3330 969 3419 codd.)
983 3329 1160 3415 πτολέμοιο
1172 3333 1292 3420 (1440.

332 3437 371 3498 Ν
392 3434 466 3500 358.
486 3432 559 3498 635.
583 3432 849 3496 06711Σ242.
873 3431 996 3496 Φ2114.
1016 3431 1129 3494 σ264.
1149 3455 1175 3495 ω
1197 3429 1292 3519 543)

164 3530 250 3610 υίέες
266 3527 388 3616 Ἰφίτου
402 3527 548 3617 (Ἰφίτου
566 3527 666 3617 οοδδ.)
685 3527 884 3613 μεγαθύμου
902 3531 1121 3612 Ναυβολίδαο
1142 3531 1185 3610 (Β
1200 3532 1293 3615 518).

163 3633 231 3698 τῶν
255 3621 336 3696 αὖθ’
362 3625 527 3715 ἡγείσθην
543 3625 738 3712 Ἀσκληπίοο
758 3622 971 3714 (Ἀσκληπίου
994 3626 1094 3715 οοδδ.)
1113 3627 1176 3694 δύο
1195 3631 1293 3694 παῖδε

166 3824 290 3913 ὄψιμον
320 3820 546 3908 ὀψιτέλεστον,
579 3821 618 3891 do
647 3819 725 3911 (ὅου
753 3822 854 3910 οοδδ.)
881 3821 977 3900 κλέος
1005 3819 1046 3889 οί
1069 3817 1143 3888 ποτ’
1170 3817 1293 3889 ὀλεῖται

334 3923 378 4010 (Β
401 3922 509 4012 325¹)
533 3949 554 3990 α
579 3921 649 4010 70)·

164 4022 283 4109 άγρίοο
311 4018 447 4109 (άγρίου
475 4023 583 4109 codd),
605 4017 758 4107 πρόσθεν
782 4018 819 4088 δέ
842 4017 943 4097 σάκος
966 4016 1119 4104 στέρνοιο
1141 4015 1291 4098 κάλυψεν

119 4275 332 4286 -,.-----

211 4357 236 4423 1)
255 4354 297 4408 De
321 4350 370 4422 ἕης
392 4355 422 4406 Π
438 4356 505 4419 208,
532 4352 606 4421 quod
635 4368 690 4405 non
714 4349 805 4403 minus
829 4347 969 4403 offendere
992 4347 1067 4401 reete
1092 4344 1292 4402 animadvertit

119 4434 261 4491 nanetus
276 4433 358 4489 Hom.
373 4431 452 4487 sno.
465 4430 505 4487 111
519 4438 544 4503 8,
563 4430 658 4487 confer
675 4447 748 4501 quoe
767 4431 796 4484 in
814 4430 953 4501 apparatu
970 4427 1068 4484 critico
1085 4425 1289 4486 adnotavimus.
