2984 5092
156 350 223 415 224
645 350 797 402 ΙΛΙΑΔΟΣ
815 351 837 400 Β

155 517 311 594 προβλῆτι
334 515 492 596 σκοπέλῳ·
524 513 583 577 τόν
607 511 697 578 δὀὔ
721 534 800 578 ποτε
825 513 947 590 κύματα
971 511 1072 577 λείπει

154 621 318 686 παντοίων
342 619 481 699 ἀνέμων,
505 618 554 683 ὅτ’
576 619 616 685 ἂν
640 618 705 686 ἔνθ’
728 624 747 700 ἢ
771 620 850 686 ἔνθα
872 623 1040 697 γένωνται.

155 728 326 794 άνττάντει
350 726 379 792 δ’
402 726 536 806 ὀρέοντο
560 729 765 792 κεδασθέντες
790 729 869 793 κατὰ
892 733 985 808 νῆασ,

155 835 326 901 κάπνισσάν
349 857 382 899 τε
407 836 487 899 κατὰ
510 835 638 914 κλιτίαε,
661 836 712 899 καί
735 839 869 901 δεῖπνον
892 837 1018 901 ἕλοντο.

155 942 253 1008 ἄλλο(
278 941 307 1006 δ’
330 940 418 1026 ἄλλῳ
442 942 529 1021 ἔρεζε
554 946 638 1007 θεῶν
662 941 900 1023 αἰειγενετάων,

156 1051 329 1131 εὐχόμενος
353 1048 493 1115 θάνατόν
516 1071 550 1114 τε
575 1054 692 1129 φυγεῖν
715 1051 766 1115 καὶ
789 1054 899 1130 μῶλον
922 1049 1048 1130 Ἀρηοε.

155 1159 255 1238 αὐτὰρ
279 1159 297 1222 δ
323 1161 400 1237 βοῦν
422 1156 542 1237 ἱέρευσε
568 1155 665 1221 ίάναξ
689 1155 818 1237 ἀνδρῶν
843 1157 1049 1237 Ἀγαμέμνων

156 1266 255 1330 πίονα
277 1266 515 1343 πεντοῖέτηρον
538 1263 706 1343 ὑπερμενέι
731 1265 898 1345 Κρονίωνι,

155 1373 317 1450 κίκληεκεν
340 1373 375 1436 δέ
399 1373 554 1450 γέροντα(
579 1369 725 1452 άριετῆαε
748 1374 959 1452 Παναχαιῶν,

158 1481 299 1559 Νέστορα
323 1481 380 1558 μὲν
404 1479 564 1557 πρώτιστα
587 1478 637 1542 καὶ
661 1477 823 1560 Ἰδομενῆα
848 1481 999 1560 ίάνακτα,

155 1587 256 1666 αύτόιρ
280 1584 379 1651 ἔπειτ’
402 1584 516 1650 Αἴαντε
539 1586 607 1649 δύω
631 1586 682 1650 καὶ
705 1588 826 1653 Τυδέοε
850 1587 933 1668 υἱόν,

156 1695 249 1759 ἕκτον
273 1691 301 1757 δ’
325 1692 394 1758 αὖτ’
417 1691 553 1773 Ὀδυσῆα
576 1694 631 1757 Διὶ
655 1698 745 1774 μῆτιν
769 1692 959 1761 ἀτάλαντον.

155 1801 333 1881 αὐτόματοι
357 1801 392 1866 δέ
416 1806 464 1865 ίοι
487 1802 565 1880 ἦλθε
590 1803 668 1882 βοὴν
692 1798 812 1878 ἀγαθότ
837 1804 1017 1869 Μενέλαος·

157 1910 258 1974 ίείδεε
282 1909 343 1988 γὰρ
367 1908 446 1971 κατὰ
469 1909 570 1988 θυμόν
593 1906 757 1987 ἀδελφεὸν
780 1908 825 1973 οδε
848 1910 1008 1977 ἐπονεῖτο.

113 2093 115 2098 ,
157 2021 234 2097 βοῦν
258 2017 293 2080 δὲ
318 2014 505 2095 περίστησάν
528 2036 563 2080 τε
587 2016 637 2080 καὶ
660 2015 839 2095 οὐλοχύτας
863 2016 1028 2084 ἀνέλοντο.

157 2128 257 2189 τοῑειν
281 2122 311 2187 δ’
334 2122 508 2201 εύχόμενοε
532 2124 653 2203 μετέφη
677 2122 792 2202 κρείων
816 2123 1035 2205 Ἀγαμέμνων·

139 2236 171 2311 ’,,
183 2232 248 2296 Ζεῦ
272 2232 393 2296 κύδιετε
418 2233 557 2315 μέγιιτε,
580 2234 780 2311 κελαινεφέι,
804 2232 904 2312 αἰθέρι
928 2232 1041 2310 ναίων,

156 2341 196 2418 μὴ
221 2340 294 2419 πρὶν
318 2336 369 2405 ἐπ’
392 2339 500 2417 ἠέλιον
524 2342 616 2403 δύνοι
639 2339 690 2401 καί
714 2339 766 2403 ἐπὶ
789 2341 911 2419 κνέφατ
934 2340 1053 2416 ἐλθεῖν,

155 2447 231 2526 πρίν
254 2466 291 2526 με
316 2446 396 2510 κατὰ
418 2447 536 2526 πρηνέ(
562 2444 688 2525 βαλέειν
711 2445 870 2525 Πριάμοιο
893 2448 1054 2526 μέλαθρον

157 2552 321 2633 αἰθαλόεν,
346 2559 460 2634 πρῆσαι
484 2555 520 2618 δὲ
544 2553 645 2632 πυρόε
669 2554 769 2617 θείοιο
793 2554 941 2633 θύρετρα,

156 2659 323 2739 Ἑκτόρεον
348 2661 383 2724 δέ
408 2664 527 2740 χιτῶνα
550 2659 623 2739 περὶ
647 2662 784 2739 ετήθεεει
808 2663 912 2727 δαίξαι

157 2772 265 2852 χαλκῷ
290 2770 488 2847 ῖρωγαλέον·
522 2768 643 2840 πολέες
662 2764 690 2829 δ’
713 2764 792 2846 ἀμφ’
815 2768 914 2832 αὐτόν
938 2767 1059 2846 ἑταῖροι

158 2877 295 2956 πρηνέει
318 2876 354 2939 ἐν
378 2875 516 2960 κονίῃσιν
540 2874 617 2941 ὀδὰξ
642 2873 792 2939 λαζοίατο
815 2879 938 2953 γαῖαν.“

246 2981 289 3044 ὣ(
313 2981 413 3060 ἔφατ’.
460 2980 529 3046 οὐδ’
552 2980 613 3061 ἄρα
638 2982 689 3046 πώ
713 2986 763 3046 ῖοι
786 2982 986 3062 ἐπεκραίαινε
1012 2981 1170 3060 Κρονίων,

156 3085 227 3152 ἀλλ’
250 3087 268 3151 ό
291 3109 329 3165 γε
353 3091 445 3153 δέκτο
469 3090 527 3168 μὲν
550 3088 615 3168 ίρά,
639 3089 743 3154 πόνον
767 3088 795 3153 δ’
820 3088 1000 3168 ἀμέγαρτον
1024 3087 1175 3167 ὄφελλεν.

158 3195 257 3273 αὐτὰρ
282 3195 351 3259 ἐπεί
375 3194 404 3274 ῤ’
427 3195 561 3262 εὔξαντο
585 3197 635 3260 καὶ
659 3196 838 3275 ούλοχύταε
862 3195 1080 3276 προβάλοντο,

158 3303 315 3381 αὐέρυσαν
340 3305 396 3381 μὲν
420 3307 533 3383 πρῶτα
557 3304 607 3368 καὶ
630 3303 772 3383 έεφαξαν
796 3305 846 3367 καὶ
869 3303 1009 3382 ἔδειραν,

159 3411 278 3490 μηρούε
301 3408 329 3473 τ’
353 3411 506 3488 ἐξέταμον
530 3410 609 3475 κατά
632 3432 666 3476 τε
691 3411 776 3494 κνίσῃ
800 3410 966 3490 ἐκάλυψαν

157 3517 294 3596 δίπτυχα
317 3520 517 3597 ποιήσαντες,
542 3498 592 3583 ἐπ’
615 3519 722 3584 αὐτῶν
746 3516 775 3582 δ’
798 3517 1010 3597 ὠμοθέτησαν.

159 3625 272 3689 καὶτὰ
295 3626 354 3703 μὲν
378 3625 416 3703 ἂρ
442 3625 576 3708 εχίζῃιιν
600 3624 789 3705 ἀφύλλοισιν
814 3627 996 3700 κατέκαιον,

228 3780 333 3828 402—3
349 3799 383 3818 =
401 3778 429 3826 H
442 3779 546 3827 314-δ
628 3779 680 3827 416
696 3800 728 3819 =
745 3777 774 3827 Π
786 3779 836 3828 841
920 3779 972 3826 419
988 3797 1021 3816 =
1039 3775 1064 3825 Γ
1076 3777 1128 3825 302
1207 3776 1239 3825 41

159 3879 192 3899 =
207 3860 229 3906 A
244 3858 375 3908 458-61.

228 3984 280 4033 39⁷
299 3998 341 4049 γρ.
360 3976 477 4048 γένηται
496 3978 582 4035 schol.
598 3980 621 4031 A
677 3984 728 4032 398
744 3972 879 4039 ἆστάντες
894 3977 963 4032 alios
977 3977 1079 4046 legisse
1094 3975 1190 4044 arguit
1204 3976 1239 4031 sc]

156 4053 282 4127 ὁρόωντο
301 4059 321 4113 C
395 4066 445 4114 401
467 4079 496 4129 με
519 4064 622 4129 φορεῖν
642 4056 713 4112 κατὰ
734 4059 825 4127 μῶλον
844 4057 973 4112 Μοίιιοίιο
991 4057 1021 4110 in
1038 4056 1130 4111 Herm.
1152 4055 1239 4111 11121

157 4146 209 4194 410
232 4141 403 4209 περίστησαν
427 4160 456 4195 τε
481 4140 593 4195 Bekker
616 4139 661 4192 hic
686 4142 715 4193 οδ
738 4145 822 4209 μθόθ
847 4139 951 4193 collato
979 4145 1003 4191 A
1025 4143 1089 4191 5³2:
1124 4134 1239 4207 περισττ]

157 4220 237 4274 codd.
346 4226 399 4274 412
419 4240 459 4289 γρ.
481 4221 536 4275 Ζεῦ
556 4218 645 4289 πάτερ
658 4216 772 4288 Ἴδηθεν
792 4217 901 4288 μεδέων
922 4221 966 4288 (=
985 4222 1010 4272 Γ
1022 4221 1085 4285 320)
1105 4216 1192 4273 schol.
1213 4220 1239 4272 A

157 4307 209 4355 415
227 4302 331 4370 πλῆσαι
348 4301 395 4355 Ar.
412 4333 444 4340 -
461 4304 553 4369 δηίοιο
569 4301 658 4368 codd,
678 4299 712 4353 cf.
732 4301 800 4369 prol.
821 4319 848 4368 p.
870 4305 918 4353 112
992 4305 1044 4352 419
1062 4296 1121 4360 πώς
1140 4297 1214 4353 coni,
1233 4297 1239 4351 ἰ

157 4377 400 4451 12οοίμέγοιρτσνι
420 4376 551 4435 α’ἰίαστοιι
571 4381 617 4434 Ar.
691 4385 740 4432 421
762 4375 918 4449 οὐλοχύτας
937 4374 1073 4434 ύνέίσντσ
1092 4378 1172 4435 codd.
1192 4378 1224 4434 in

156 4465 210 4514 423
228 4461 309 4530 κνίση
328 4456 504 4531 (ούδετέρως)
525 4464 569 4515 Ar.
