2962 5070
201 351 267 415 234
686 350 838 401 missor:
857 352 879 399 s

201 514 300 567 Λίνδον
321 514 437 579 Ἰηλυεόν
456 529 486 566 τε
506 515 549 564 καλ
569 512 734 578 ἀργινόεντα
754 496 896 576 Κάμειρον.

200 609 258 656 τῶν
278 605 327 667 μὲν
345 603 523 668 Τληπόλεμος
541 600 721 667 δουρικλυτός
738 600 915 667 ἡγεμόνευεν.

201 692 237 758 dv
258 695 319 757 τέκε
342 692 519 776 ύαστυόχεια
542 697 593 778 βίη
612 689 771 773 Ἡρακληεί
795 738 804 770 ,

200 781 254 864 την
277 780 355 867 ἄγετ’
382 784 412 859 ἐξ
432 780 579 863 Ἐφύρης,
602 788 735 862 ποταμοῦ
758 779 818 845 disto
842 778 1033 862 Σελλήεντος,

200 873 308 955 πέρσας
330 869 441 937 hidros
463 869 555 936 πολλὰ
580 871 759 952 διοτρεφέων
782 873 900 951 αἰζηῶν.

203 960 390 1044 Τληπόλεμος
414 959 439 1025 δ’
466 962 528 1024 ἐπεὶ
552 953 608 1024 οὖν
630 955 715 1043 τράφ’
741 960 786 1022 ivi
809 953 926 1042 μεγάρῳ
950 953 1101 1044 ἔυπηκτφ,

200 1048 304 1114 αὐτίκα
326 1049 434 1132 πατρὸς
457 1051 517 1114 ἕοῖο
541 1053 630 1130 φίλον
653 1044 774 1131 μήτρωα
797 1049 929 1128 κατέκτα,

198 1139 259 1222 ἤδη
282 1135 471 1222 γηράσκοντα
493 1134 677 1219 Λικύμνιον,
700 1136 769 1213 ὄζον
783 1136 901 1219 ’Ἀρηας

201 1226 279 1310 αἶψα
302 1230 335 1293 δὲ
358 1235 434 1311 νῆας
457 1229 557 1310 ἔπηξε,
581 1225 676 1292 πολύν
700 1225 728 1290 d'
754 1225 771 1291 ὅ
794 1252 826 1310 γε
849 1224 921 1290 λαὸν
944 1224 1062 1309 ἀγείρας

200 1324 239 1401 βῆ
263 1317 385 1402 φεύγων
408 1319 455 1382 ἐπὶ
478 1316 601 1381 πόντον·
634 1314 795 1398 ἀπείλησαν
818 1313 874 1400 γὰρ
898 1320 929 1380 οἱ
948 1315 1031 1381 ἄλλοι

200 1408 276 1483 υἱέες
294 1412 402 1472 υἱωνοί
421 1432 449 1470 τε
473 1411 541 1489 βίης
559 1403 759 1487 Ἡρακληείης.

201 1490 294 1578 αύτᾶρ
317 1495 335 1561 3
357 1495 381 1580 γ’
408 1497 437 1572 ἐς
455 1493 565 1559 Ῥόδον
587 1492 648 1570 ἷξεν
671 1493 838 1577 α’λῶμενος,
861 1493 950 1578 ἄλγεα
972 1493 1109 1577 πάσχων·

199 1584 304 1668 τριχθὰ
328 1586 360 1650 δὲ
382 1589 530 1666 λοίκηθεν
552 1583 777 1665 καταφυλαδόν,
799 1581 849 1666 ἠδ’
876 1585 1022 1665 ἕφίληθεν

200 1677 231 1738 ἐκ
256 1671 344 1755 Διός,
368 1672 401 1751 ὃς
424 1700 452 1738 τε
475 1682 571 1738 θεοῖσι
595 1675 645 1736 καὶ
667 1671 856 1754 ἀνθρώποισι
878 1671 1035 1751 ἕανᾶσσει,

198 1768 250 1826 καί
271 1785 344 1844 σφιν
366 1764 525 1828 θεσπέσιον
548 1763 678 1827 πλοῦτον
700 1763 835 1846 κατέχευε
857 1766 1005 1845 Κρονίων.

290 1870 386 1935 Νιρεύς
404 1869 439 1921 αύ
459 1868 585 1934 (ύμηθεν
604 1868 654 1931 ἄγε
672 1872 746 1933 τρεῖ(
763 1871 832 1934 νῆα(
850 1865 950 1933 diicat,

201 1958 296 2024 Νιρεύς
315 1958 443 2024 Ἀγλαῑη(
461 1957 520 2010 oid(
538 1957 668 2023 Χαρόπου
686 1972 717 2010 τε
737 1957 884 2023 λάνακτοε,

200 2047 297 2113 Νιρεύς
314 2048 345 2099 ὃ(
364 2049 503 2101 κάλλιετο(
521 2048 592 2113 ἀνὴρ
611 2047 665 2099 ὑπὸ
685 2047 763 2098 Ἴλιον
783 2048 866 2112 ἦλθεν

199 2141 257 2189 τῶν
276 2138 368 2190 ἀλλων
386 2139 509 2190 Δαναῶν
528 2137 587 2201 μετ’
605 2137 733 2200 ἀμύμονα
751 2135 909 2200 Πηλεΐωνα.

199 2226 258 2279 ἀλλ’
276 2227 435 2280 ἀλαπαδνό(
453 2227 515 2292 ἔην,
534 2230 640 2291 παύρο(
659 2225 689 2277 δέ
709 2211 750 2276 For
770 2223 863 2276 εἵπετο
882 2224 955 2278 λαότ.

289 2314 315 2368 οἳ
334 2318 358 2368 δ’
377 2317 431 2381 ἀρα
451 2315 567 2381 Νλευρόν
585 2316 611 2367 τ’
630 2316 705 2380 εῑχον
725 2312 872 2379 Κράπαθόν
890 2329 922 2365 τε
942 2313 1028 2366 Κύτον
1047 2329 1077 2365 τε

200 2407 244 2456 καί
264 2405 325 2457 Κιῑιν
344 2405 515 2472 Εὐρυπύλοιο
534 2405 625 2469 πόλιν,
644 2404 745 2470 νήεον(
763 2418 794 2455 τε
814 2402 966 2469 Καλύδνας,

199 2498 257 2546 τῶν
277 2495 311 2545 αύ
330 2493 480 2549 Φείδιππός
498 2509 529 2547 τε
548 2494 593 2546 καλ
611 2493 744 2558 Ἀντιφο(
762 2491 932 2558 ἡγητάεθην,

199 2582 333 2635 Θετταλοῦ
353 2582 396 2635 oie
415 2584 473 2635 δύω
494 2583 672 2649 Ἡρακλεΐδαο
691 2581 833 2634 Ἑάνακτοτ.

199 2676 257 2724 τῶν
277 2672 307 2724 δὲ
325 2673 476 2738 τριήκοντα
493 2672 635 2738 γλαφυραλ
652 2670 712 2723 νὲε(
731 2671 904 2735 ἐστιχόωντο.

288 2765 339 2813 νύν
358 2762 393 2813 αὖ
412 2763 479 2814 τοὺ(
497 2762 568 2814 decor
587 2761 620 2812 τό
639 2760 809 2822 Πελασγικόν
829 2759 929 2825 Ἀργο(
947 2759 1054 2811 ἔναιον·

199 2849 227 2901 οἵ
245 2851 271 2901 τ’
290 2849 372 2901 Ἀλον
391 2849 419 2902 οἵ
437 2851 462 2902 τ’
483 2849 601 2914 Ἀλόπην
621 2849 648 2901 οἵ
666 2865 697 2902 τε
715 2849 828 2914 Τρηχῑν’
846 2848 993 2914 ἐνέμοντο,

199 2939 226 2990 οἵ
243 2940 269 2991 τ’
288 2939 364 3003 εἶχον
383 2937 472 3004 Φθίην
491 2939 536 3004 ἠδ’
556 2937 669 2991 Ἐλλάδα
688 2938 894 3004 καλλιγύναικα,

199 3026 373 3092 Μυρμιδόνε(
392 3028 422 3080 δὲ
442 3029 575 3080 καλεῦντο
595 3029 639 3079 καλ
657 3026 786 3093 Ἕλληνες
805 3028 849 3078 καλ
869 3024 984 3092 Ἀχαιαί,

198 3120 256 3167 τῶν
276 3117 310 3168 αύ
328 3116 503 3181 πεντήκοντα
520 3120 593 3169 νεῶν
611 3118 647 3182 ἦν
666 3116 750 3190 ἀρχό(
769 3116 911 3182 Ἀχιλλεύς.

271 3280 322 3329 659
338 3302 372 3320 =
389 3279 413 3329 Ο
428 3280 477 3329 631
582 3271 649 3329 6601)
664 3300 698 3320 =
714 3281 740 3328 Δ
754 3281 807 3330 280
907 3280 959 3330 674
974 3302 1009 3321 ==
1023 3280 1047 3329 P
1060 3281 1120 3330 280.
1139 3280 1154 3329 λ
1169 3282 1230 3329 410.
1249 3282 1300 3329 obl

200 3361 252 3410 680
267 3382 300 3399 =
316 3362 336 3408 B
351 3361 412 3411 616.

272 3488 322 3535 656
343 3477 487 3551 Κάμειρον
507 3481 542 3535 A:
568 3476 736 3551 Κάμιρονῦ
824 3486 876 3535 667
895 3480 950 3533 τῶν
971 3477 1003 3534 δὲ
1023 3481 1103 3534 vetus
1123 3478 1207 3534 lectio
1226 3478 1311 3533 fuisso
1331 3480 1391 3541 vi-¹

199 3562 280 3614 dciur
388 3565 529 3615 668-670
556 3559 645 3615 vcteri
674 3560 805 3630 caialogo
833 3563 869 3616 ab
897 3563 1099 3632 interpolatore
1122 3559 1211 3614 addiii
1236 3564 1301 3615 suni

199 3646 249 3695 661
270 3635 357 3708 τράφ’
379 3636 422 3694 ivi
436 3640 496 3694 AC:
516 3636 610 3709 τράφη
631 3637 662 3695 ἐν
682 3642 793 3708 Barnes,
813 3645 845 3697 αλ
858 3643 886 3696 in
901 3642 1043 3697 codicibus
1063 3641 1198 3710 scriptum
1218 3643 1261 3694 esi
1281 3645 1306 3694 Γ
1318 3647 1368 3694 201

199 3725 228 3775 ci
246 3727 268 3775 Α
284 3728 336 3774 222
391 3727 442 3775 665
463 3721 497 3791 βῆ
517 3717 632 3790 φεύγων
647 3722 726 3776 codd.
747 3725 775 3777 et
788 3721 848 3776 An:
868 3719 899 3775 τὸ
915 3718 1065 3791 Ὁμηρικὸν
1084 3718 1154 3783 ἔθος
1174 3721 1222 3793 (βῆ
1238 3717 1368 3791 φεύγειν’

201 3798 375 3870 προφέρεται
390 3798 629 3870 ευλιολ.Α-γοὶρ
640 3799 755 3856 οἷσούύ.
802 3799 1062 3870 667αύτᾶρεαλψα
1077 3797 1185 3856 d'Zen.
1232 3808 1284 3857 668
1298 3797 1371 3875 ᾤκη-

199 3884 254 3935 θεν
273 3882 352 3937 codd.
428 3888 479 3936 666
498 3877 648 3936 ἀθετεὶται
667 3882 753 3935 schol.
775 3885 796 3936 Α
870 3890 921 3937 672
942 3878 1088 3951 Χαρόποιο
1106 3877 1133 3935 τ’
1153 3876 1198 3935 ἄν.
1219 3882 1298 3936 codd.

200 3967 305 4015 673-ό
320 3962 472 4028 damnavit,
488 3961 610 4016 modium
622 3979 656 4015 no
672 3961 784 4030 scripsit
799 3963 911 4030 quidem
922 3965 994 4031 Ζειι,
1009 3963 1130 4032 primum
1140 3963 1240 4017 saliem
1255 3965 1373 4033 ognovit

199 4041 366 4096 Aristoteles
381 4043 451 4096 rhet.
466 4043 504 4095 ΙΙΙ
521 4047 552 4095 12
622 4047 672 4095 671
689 4036 765 4094 Κόον
780 4042 887 4112 Nauck,
903 4044 937 4100 cf.
952 4047 1049 4102 Ξ266.
1066 4046 1142 4098 028.
1163 4043 1189 4099 h.
1201 4043 1253 4112 Ap.
1265 4044 1325 4098 Del.
1336 4050 1370 4098 42

200 4127 251 4176 628
270 4123 326 4175 τῶν
345 4117 373 4176 δ’
395 4120 416 4176 (λ
506 4130 558 4178 680
577 4123 633 4176 τῶν
648 4121 685 4174 A:
705 4128 762 4184 τοῖς
781 4123 801 4177 0
888 4128 939 4178 681
959 4119 987 4177 οἳ
1005 4118 1034 4177 δ’
1056 4119 1150 4191 ’Ἄργος
1168 4120 1246 4190 εἶχον
1264 4121 1295 4178 τό
1316 4127 1371 4178 Πε-

199 4198 333 4271 λασγικὸν
356 4194 452 4268 οὖθαρ
475 4198 598 4270 ἀρούρης
622 4202 685 4256 ch.
778 4208 828 4256 682
852 4222 894 4271 γρ.
915 4203 946 4256 οῗ
962 4198 993 4256 θ’
1021 4197 1098 4257 ’Ἅλον
1123 4203 1155 4256 οἴ
1168 4198 1201 4256 θ’
1228 4198 1369 4259 Ἆλιούνθ’

200 4281 300 4335 Strabo
315 4282 354 4335 IX
372 4299 399 4350 p.
415 4285 466 4332 432
557 4286 679 4335 686-94
699 4281 845 4337 damnavit
862 4284 938 4350 Zen.‚
958 4283 1049 4354 prisco
1068 4284 1198 4352 catalogo
1217 4285 1254 4338 ab
1273 4286 1370 4340 eodem

200 4363 286 4430 pocta
309 4379 364 4429 quo
389 4377 485 4414 vorsus
511 4366 651 4417 666-709
676 4365 704 4416 ολ
724 4367 864 4416 rol-728
884 4365 913 4417 ot
932 4367 1072 4418 roo-778
1091 4365 1120 4416 et
1138 4367 1262 4417 668-'10
1280 4363 1372 4418 additi

200 4457 259 4493 osso
278 4439 416 4494 videntur.
