2962 5070
590 344 824 407 -153-

119 509 231 569 aeolica
255 527 414 587 superesse
438 528 535 588 neque
560 528 592 568 ea
617 508 692 588 sola,
720 509 772 568 sed
798 527 855 568 urm
879 529 947 569 eum
970 512 1079 569 ceteris
1104 511 1206 570 lormis
1230 531 1294 571 aeo-

120 607 193 668 licae
214 606 333 667 dialecti
352 610 484 669 revocari
504 608 627 689 debere3
647 607 873 686 vituperandum
893 609 984 685 igitur
1003 625 1069 667 esse
1085 610 1135 686 qni
1150 608 1296 669 scriberet

117 697 299 786 πίμπλαντ’
326 698 404 766 ὄσσε
429 701 469 767 de'
488 708 544 768 ίοι
568 701 649 787 πυρὶ
672 698 900 786 λαμπετόωντι
919 706 1085 786 ίείίκτην,
1109 706 1294 784 probandum

119 803 218 863 solnm
247 806 299 882 qui
327 803 413 882 plene
443 802 600 879 αἰολίζειν
624 805 747 865 auderet
769 796 947 886 πίμπλαντ’
974 797 1052 865 ὄσσε
1077 798 1116 865 de'
1136 804 1192 864 fot
1216 802 1295 884 πυρὶ

119 893 343 981 λαμπετάοντι
381 901 545 964 definsare.
597 902 679 963 Hauc
716 905 893 964 sententiam
926 923 985 963 non
1018 904 1111 981 magis
1144 905 1295 982 ingeniose

120 1003 318 1079 excogitatam
342 1019 428 1079 qnam
454 1000 603 1060 subtiliter
622 1000 775 1079 probatam
796 1020 863 1061 cum
883 1004 1012 1081 primum
1031 1001 1225 1082 perlegerem,
1248 1022 1295 1063 me

121 1117 248 1179 prorsus
285 1098 524 1178 obstupefactum
558 1119 623 1159 esse
657 1102 784 1177 ingenue
819 1104 925 1180 fateor,
957 1100 1009 1160 sed
1043 1119 1111 1160 curu
1145 1100 1295 1178 paullatim

121 1200 253 1258 animum
275 1215 469 1278 revocassem,
493 1199 583 1259 multa
603 1200 631 1257 ei
650 1197 769 1257 obstare
788 1207 817 1257 ct
836 1198 972 1258 cardines
992 1199 1056 1257 eins
1076 1198 1159 1258 lacile
1179 1201 1297 1277 ellringi

123 1314 211 1375 posse
244 1299 376 1374 cognovi.
424 1296 497 1356 Nam
526 1297 717 1376 Smyrnaeus,
741 1315 868 1375 qnorum
897 1298 990 1356 eirena
1015 1296 1176 1358 Homerum
1205 1298 1295 1357 luisse

124 1393 351 1473 locupletissimi
377 1403 482 1474 testes,
510 1404 544 1456 ut
568 1414 657 1473 supra
681 1394 701 1471 ξ
726 1393 767 1454 72
791 1397 905 1474 monui,
934 1394 1142 1475 prodiderunt,
1166 1415 1201 1455 eo
1225 1404 1296 1457 tem·

125 1510 211 1571 pore,
250 1511 309 1570 quo
342 1512 452 1572 eorpus
485 1492 709 1552 Homericorum
744 1495 908 1553 carminum
941 1502 1039 1553 ortam
1073 1513 1138 1553 esse
1170 1495 1297 1574 ridetur,

124 1591 274 1668 digamma
299 1593 343 1651 uti
368 1592 491 1651 desiisse
516 1590 615 1651 nullus
640 1590 686 1650 ille
711 1590 854 1668 probarit.
897 1590 1043 1651 Nimirum
1068 1591 1164 1651 valent
1187 1591 1296 1671 aliquid

122 1689 158 1749 ad
194 1688 310 1765 liuguae
343 1698 478 1749 naturam
513 1688 724 1749 immutandam
758 1689 878 1748 ducenti
912 1692 996 1770 anni,
1033 1708 1108 1769 qnos
1140 1692 1295 1750 minimum

124 1789 202 1846 iuter
217 1784 338 1846 llorneri
355 1785 472 1846 lliadeur
487 1795 517 1847 et
532 1786 701 1846 Archilochi
716 1786 827 1847 iambos
843 1788 1049 1847 intercessisse
1064 1788 1203 1848 iudicant.
1224 1788 1295 1848 Natu

123 1884 201 1964 quod
223 1883 344 1944 Fiekins
363 1887 518 1945 hretinnm
537 1884 693 1965 llilesium,
717 1905 805 1964 quern
830 1888 923 1963 prima
945 1885 989 1945 vel
1009 1895 1111 1965 quarta
1132 1887 1296 1966 olympiade

124 1984 368 2043 decentissimum
397 1983 530 2043 habitum
558 2002 623 2042 esse
655 1982 1013 2063 Eusebius-llierouymus
1038 2004 1066 2063 p.
1091 1982 1131 2045 79
1156 1986 1202 2045 ed.
1227 1985 1295 2051 Sch.

125 2082 230 2160 relert,
265 2079 358 2141 multo
388 2083 597 2160 recentiorem,
631 2100 720 2160 quarn
748 2081 834 2159 vulgo
863 2082 998 2164 credant,
1032 2085 1123 2143 luisse
1152 2083 1238 2163 dicit,
1267 2084 1295 2143 ld

124 2182 308 2258 argumentis
331 2179 593 2239 demonstrandum
619 2181 682 2239 luit.
728 2180 839 2240 lleirrde
863 2180 1007 2260 Calliaros,
1032 2191 1064 2241 ut
1087 2181 1296 2241 Archilochum

124 2278 245 2337 Parium
270 2279 395 2354 mittam,
419 2277 551 2336 hlilesins
576 2279 639 2357 luit,
663 2276 845 2339 llilesiorum
868 2287 966 2339 autem
991 2280 1148 2340 dialectum
1170 2280 1296 2340 multum

125 2396 140 2435 a
164 2374 299 2435 dialectis
319 2375 458 2434 Chiorum
480 2383 510 2434 et
529 2374 691 2435 incolarum
711 2377 838 2456 Caystrii
856 2381 953 2456 campi
971 2379 1186 2457 discreparisse
1206 2378 1297 2438 llero-

127 2475 215 2534 dotus
232 2473 243 2531 l
260 2471 744 2552 142refertaequeniortoeuanr
762 2474 853 2554 magis
877 2496 892 2535 a
917 2475 1015 2554 lingua
1039 2478 1146 2536 urixtae
1171 2477 1298 2536 civitatis

125 2574 288 2652 Smyrneae
326 2570 517 2631 abhorruisse
552 2574 613 2631 veri
645 2573 740 2632 simile
774 2582 828 2635 est.
879 2574 937 2634 lam
971 2577 996 2634 si
1028 2575 1134 2633 Chium
1172 2573 1297 2633 insulam

126 2671 258 2731 Abantes
286 2680 315 2730 et
344 2672 501 2730 Cretenses
530 2671 694 2748 antiquitus
719 2672 863 2732 insedisse
887 2666 938 2755 (el.
961 2672 1048 2733 l'ans.
1073 2671 1121 2730 Vll
1145 2670 1175 2752 4,
1204 2669 1238 2753 8)
1268 2680 1297 2731 et

125 2769 330 2829 Phocaeenses
360 2767 530 2846 incolasque
554 2770 692 2828 dsiornm
721 2779 873 2848 pratorum
902 2789 994 2850 prope
1017 2770 1054 2830 ab
1078 2770 1197 2830 aeolicis
1221 2769 1297 2829 colo-

126 2869 184 2928 niis
208 2868 317 2927 aluisse
342 2868 539 2947 reputareriS,
565 2886 622 2926 non
647 2871 836 2929 temerarium
861 2887 907 2929 me
931 2869 1147 2949 criminaberis,
1170 2871 1196 2928 si
1219 2871 1298 2928 inter

125 2966 297 3026 discrimina
329 2973 470 3043 quattuor
502 2967 669 3042 specierum
706 2967 820 3027 ionicae
857 2968 975 3028 dialecti
1007 2968 1147 3047 diganuui
1179 2986 1297 3046 quoque

126 3083 215 3125 usum
248 3064 340 3122 luisse
372 3064 498 3125 conicio.
547 3062 680 3142 lienique
714 3083 730 3123 a
760 3074 874 3126 vetusta
902 3065 1000 3144 lingua
1029 3067 1124 3126 ionica
1153 3066 1297 3144 digamma

126 3184 185 3225 nou
214 3163 324 3221 aluisse
354 3170 424 3221 suut
451 3161 540 3222 multa
565 3171 595 3222 ct
618 3171 698 3222 certa
723 3164 838 3224 indicia.
885 3163 1017 3243 Namque
1041 3173 1075 3224 nt
1099 3163 1238 3224 Varronis
1262 3164 1298 3223 de

126 3264 196 3341 ling.
220 3260 268 3321 lat.
289 3260 323 3319 Vl
348 3259 368 3319 il
394 3263 594 3321 testimonium
619 3272 793 3339 corruptum
817 3258 889 3343 ‘rer,
914 3263 992 3341 quod
1018 3272 1080 3322 trun
1105 3264 1201 3323 virere
1226 3264 1296 3322 incl-

129 3363 216 3441 pirmt
241 3358 365 3437 virgulta
390 3378 423 3418 ae
449 3367 564 3419 vertere
588 3378 620 3418 se
649 3367 766 3439 tompus
794 3363 877 3442 anni,
901 3363 959 3421 nisi
983 3361 1061 3441 qnod
1087 3361 1172 3420 lones
1195 3360 1298 3420 dicuni

126 3467 157 3519 et
177 3477 229 3517 rer
243 3451 324 3538 (‘ber
339 3452 401 3516 ver’
417 3456 486 3516 olim
502 3457 684 3539 vulgabatur,
709 3455 778 3538 ‘top
795 3454 857 3518 vcr’
873 3457 1030 3538 Victorius,
1053 3443 1108 3538 ‘hp
1128 3453 1190 3518 rer‘
1206 3458 1297 3535 Spen-

125 3556 222 3636 gelins
246 3549 468 3636 emendarunt)'
494 3558 608 3616 mittam
632 3566 662 3617 et
686 3559 814 3636 reiciam,
839 3559 867 3616 in
892 3559 990 3635 prisca
1014 3556 1179 3617 litteratura
1204 3557 1299 3615 ionica

121 3656 275 3737 ,digammo
298 3653 395 3714 locum
420 3654 511 3714 luisse
535 3674 570 3713 ex
595 3654 860 3740 notissimoqtitulo
884 3655 976 3715 llario
997 3654 1170 3714 oArrTo
1190 3654 1300 3713 Areo

129 3753 220 3813 EM!
242 3752 457 3812 ΑΝΔΡΙΑΣ
478 3751 563 3812 ΚΑΙ
589 3753 645 3813 TO
668 3754 874 3830 ΣΦΕΛΑΣ,
906 3761 974 3814 utut
998 3752 1085 3813 rerba
1118 3756 1181 3832 ipsa
1209 3755 1298 3812 inter-

128 3853 269 3929 pretaris,
301 3852 410 3909 allatim
443 3859 572 3929 apparet.
620 3850 676 3911 Sed
711 3871 770 3912 non
804 3851 898 3912 solum
932 3858 1092 3929 exaratam,
1126 3851 1176 3911 sed
1211 3853 1298 3911 etiam

127 3950 349 4027 prrrrrnntiatam
387 3967 403 4007 a
440 3957 523 4025 parte
556 3948 660 4008 Ionum
698 3968 763 4009 esse
801 3948 934 4009 labialem
967 3948 1095 4007 litteram
1129 3949 1298 4028 spirantem,

127 4047 217 4107 hrains
242 4048 286 4106 rei
311 4047 481 4106 testimonio
505 4054 575 4106 srrnt
600 4065 735 4106 rasorum
756 4046 992 4106 Chalcidensium
1017 4047 1134 4105 nomina
1156 4045 1300 4125 θίατίης

129 4135 327 4224 Γαρυίόνης
355 4137 439 4218 aad,
472 4143 507 4203 de
543 4145 651 4223 quihus
684 4146 771 4205 adeas
799 4144 920 4203 Ermaui
952 4146 1230 4203 ‹sornnrentatiouem
1263 4144 1299 4202 dc

128 4243 283 4302 titulorum
317 4244 481 4301 ionicorum
515 4242 640 4303 dialecto
674 4246 702 4303 in
736 4244 817 4302 Cum.
851 4241 934 4301 Stud.
962 4240 985 4298 V
1015 4237 1079 4302 275
1113 4250 1143 4301 et
1170 4240 1299 4301 'ludecri

127 4341 237 4402 librum
262 4340 465 4400 doctissimum
490 4341 526 4400 de
550 4342 743 4403 dialectorum
768 4358 940 4418 graecarum
964 4340 1110 4419 digammo
1134 4359 1161 4418 p,
1182 4337 1300 4402 7—12.

127 4436 283 4498 Postremo
317 4456 353 4497 ne
382 4436 528 4498 Pisistrati
561 4439 681 4517 quidem
715 4449 848 4517 tempore
883 4439 1021 4518 digammi
1049 4456 1154 4498 sonum
1183 4457 1218 4499 cr
1247 4457 1298 4498 ore
