2984 5092
155 322 222 386 200
476 395 479 398 ἢ
644 323 837 376 mom

156 487 263 553 πολλὰ
286 488 321 553 δέ
346 486 437 567 μητρὶ
460 485 538 570 φίλῃ
561 485 699 567 ἠρήσατο
723 489 832 566 χεῖρας
855 484 1002 566 ύρεγνύς·

156 600 289 676 ,,μῆτερ,
314 594 383 660 έπεί
407 592 437 674 μ’
460 592 565 659 ἔτεκές
588 614 625 670 γε
649 584 855 673 μινυνθάδιόν
877 591 1073 674 περέόντα,

156 704 249 781 τιμήν
271 702 332 781 πέρ
357 722 409 782 μοι
433 699 576 780 ὄφελλεν
598 698 772 781 Ὀλύμπιος
796 701 992 781 ἐγγυαλίξαι,

158 811 240 875 Ζεὺς
263 808 488 895 ὑψιβρεμέτης·
520 812 579 873 νῦν
603 805 632 872 δ>
655 807 731 873 οὐδέ
756 829 793 888 με
816 809 933 875 τυτθὸν
956 806 1065 873 ἔτιςεν.

157 918 177 999 ἦ
200 916 262 996 γάρ
285 914 316 997 μ’
339 914 500 995 Ἀτρείδης
523 914 715 995 εύρυκρείων
738 914 945 995 Ἀγαμέμνων

157 1023 317 1106 ἠτίμηςεν·
350 1012 435 1088 ἑλὼν
457 1022 518 1102 γὰρ
542 1021 608 1101 ἔχει
631 1024 727 1102 γέρας
750 1022 848 1088 αὐτὸς
871 1021 1041 1102 ἀπούρας.“

247 1131 292 1196 ὣς
315 1129 401 1211 φάτο
422 1128 521 1209 δάκρυ
545 1132 661 1208 χέξων,
684 1133 743 1195 τοῦ
767 1131 802 1195 δὲ
826 1130 901 1195 κλύε
924 1129 1041 1197 πότνια
1064 1130 1166 1210 μήτηρ

157 1239 257 1320 ἡμένη
281 1238 318 1304 έν
343 1239 502 1317 βένθεςςιν
526 1237 603 1301 άλὸς
627 1236 715 1315 παρὰ
737 1237 834 1316 πατρὶ
855 1238 992 1316 γέροντι.

159 1345 365 1426 καρπαλίμως
388 1342 416 1408 δ’
440 1341 537 1409 ἀνέδυ
561 1348 675 1423 πολιῆς
699 1343 776 1408 άλὸς
799 1341 868 1422 ἠύτ’
891 1343 1019 1423 ὀμίχλη,

159 1453 210 1519 καί
233 1453 273 1533 ῥα
297 1451 424 1532 πάροιθ’
447 1451 559 1516 αὐτοῖο
582 1453 732 1517 καθέζετο
756 1449 854 1531 δάκρυ
878 1453 1043 1531 χέλοντος,

160 1559 241 1640 χειρί
263 1561 298 1625 τέ
323 1579 374 1638 μιν
398 1560 558 1639 κατέρεξε,
582 1561 679 1624 ξέπος
699 1557 728 1622 τ’
751 1556 854 1638 ἔφατ’,
877 1558 913 1623 ἔκ
935 1557 962 1623 τ’
986 1559 1158 1638 ὀνόμαζεν·

159 1669 309 1748 ,,τέκνον,
333 1667 362 1731 τί
385 1665 514 1742 κλαίεις;
539 1665 568 1730 τί
592 1667 627 1731 δέ
652 1686 684 1730 ςε
708 1667 830 1745 φρένας
852 1666 939 1731 ἵκετο
962 1667 1096 1750 πένθοςς

160 1774 291 1854 ἐξαύδα,
314 1776 355 1854 μὴ
378 1777 471 1838 κεῦθε
495 1772 576 1855 νόῳ,
600 1772 654 1837 ἵνα
677 1771 823 1851 ξείδομεν
846 1771 971 1852 άμφω.“

248 1882 307 1961 τὴν
330 1881 371 1944 δὲ·
392 1882 470 1962 βαρὺ
493 1878 656 1958 ςτενάχων
680 1881 824 1958 προςέφη
849 1879 952 1944 πόδας
975 1879 1058 1946 ὠκύς
1081 1879 1237 1961 Ἀχιλλεύι

46 2013 49 2020 ·
160 1992 304 2068 ,Ροῖςθα
336 1985 385 2066 τίη
409 2008 458 2050 τοι
480 1991 581 2050 ταῦτα
605 1986 704 2069 Ἑιδυίῃ
729 1985 823 2050 πάντ’
845 1984 1008 2066 άγορεύω;

161 2093 298 2180 ᾠχόμεθ’
321 2096 354 2160 ές
379 2096 500 2174 Θήβην,
523 2093 613 2174 ἱερὴν
636 2093 731 2159 πόλιν
755 2091 939 2178 Ἠετίωνος,

161 2206 219 2284 τὴν
242 2204 278 2268 δὲ
302 2201 516 2281 διεπράθομέν
538 2221 574 2265 τε
598 2201 649 2265 καὶ
671 2201 793 2280 ἤγομεν
816 2200 931 2267 ἐνθάδε
955 2199 1071 2268 πάντα.

160 2312 212 2376 καὶ
235 2309 275 2376 τὰ
298 2311 355 2389 μὲν
379 2308 415 2374 εὖ
434 2307 589 2373 δάςςαντο
613 2307 691 2387 μετά
714 2307 817 2388 ςφίςιν
840 2307 906 2373 υἷες
929 2307 1080 2389 Ἀχαιῶν,

62 2486 65 2493 ,
161 2420 197 2483 ἐκ
220 2415 249 2482 δ’
272 2418 349 2482 ἕλον
372 2414 514 2499 Ἀτρείδη
541 2415 698 2494 Χρυςηίδα
721 2414 950 2499 καλλιπάρῃον

164 2525 285 2605 Χρύσης
308 2521 337 2587 δ’
360 2522 430 2588 αὖθ’
451 2523 555 2601 ἱερεὺς
579 2521 792 2603 Γεκατηβόλου
816 2520 1022 2589 Ἀπόλλωνος

161 2634 238 2714 ἦλθε
263 2630 340 2696 θοάς
364 2631 416 2696 ἐπὶ
439 2635 517 2709 νῆας
542 2628 677 2708 Ἀχαιῶν
701 2630 950 2708 χαλκοχιτώνων

162 2738 335 2817 λυςόμενός
358 2758 393 2803 τε
417 2737 558 2816 θύγατρα
583 2740 694 2817 φέρων
717 2735 745 2800 τ’
768 2735 917 2815 ἀπερείςι’
941 2736 1072 2817 ἄποινα,

163 2842 308 2925 ςτέμματ’
332 2843 418 2924 ἔχων
442 2845 478 2908 ἐν
502 2846 587 2923 χερςὶ
610 2843 784 2925 ίεκηβόλου
809 2842 1015 2910 Ἀπόλλωνος

164 2955 285 3034 χρυςέψ
309 2952 349 3016 ἂν
373 2953 533 3034 ςκήπτριμ,
559 2952 608 3015 καὶ
632 2951 754 3016 λίςςετο
779 2951 901 3016 πάντας
924 2951 1083 3032 Ἀχαιούς,

163 3059 306 3137 Ἀτρείδα
330 3059 365 3123 δὲ
390 3057 521 3136 μάλιςτα
545 3058 625 3137 δύω,
649 3060 822 3138 κοςμήτορε
848 3063 944 3124 λαῶν.

120 3176 125 3185 ’
164 3164 230 3231 ἔνθ’
253 3164 345 3229 ἄλλοι
369 3167 426 3245 μὲν
450 3164 567 3229 πάντες
591 3166 820 3244 έπευφήμηςαν
843 3165 963 3244 Ἀχαιοί

165 3273 317 3338 αἰδεῑςθαί
342 3271 369 3336 θ’
391 3273 482 3351 ἱερῆα
507 3274 555 3336 καὶ
579 3272 685 3349 ἀγλαά
708 3275 818 3351 δέχθαι
842 3272 972 3338 ἄποινα·

165 3378 236 3444 ἀλλ’
260 3379 318 3443 οὐκ
343 3377 483 3462 Ἀτρείδη
508 3379 716 3460 Ἀγαμέμνονι
742 3380 878 3446 Ἑάνδανε
903 3386 1004 3464 θυμῷ,

237 3589 431 3645 οσινεθσσ.
452 3590 483 3644 fr.
508 3597 600 3658 κιαι
703 3595 907 3644 355=A102
969 3566 1222 3647 '350=A507.

167 3679 247 3728 1111
301 3674 490 3725 358=236
538 3675 990 3726 361=5372.z485.52127.
1038 3674 1237 3726 σου-αεὶ

167 3755 359 3810 363=n19
433 3755 621 3806 364=278
695 3759 1092 3809 371-9=12-ss.22-25.

238 3956 289 4004 351
306 3944 435 4018 ὀρεγνύςε
459 3969 500 4017 γρ.
520 3944 652 4017 ἀνασχών
672 3951 758 4004 schol.
778 3952 815 4020 B,
839 3951 872 4005 cf.
892 3956 989 4005 A450.
1009 3954 1037 4003 Σ
1050 3956 1096 4018 75,
1115 3944 1237 4010 άναπτάι

167 4026 238 4102 χεῖρ’
264 4025 423 4090 άναπιτνάς
446 4029 534 4084 Cobet
557 4030 634 4084 misc.
655 4031 713 4084 crit.
735 4038 831 4100 1›.‘.>5l
853 4032 955 4086 collato
975 4036 989 4084 λ
1008 4038 1059 4085 392
1151 4026 1237 4085 θόθύ

168 4111 280 4179 Nauck,
299 4110 334 4164 ef.
353 4110 423 4178 prol.
443 4128 469 4178 p.
492 4116 540 4163 131
633 4116 684 4164 364
705 4109 846 4181 στενάχων
867 4113 926 4167 Ar.:
957 4113 1099 4180 στεναχάν
1123 4110 1237 4179 Dionysi

168 4193 267 4249 donius
357 4195 408 4244 365
428 4185 510 4243 ταῦτ’
533 4189 624 4260 εἰδυίῃ
644 4192 737 4259 codd„
761 4192 880 4246 correxit
899 4192 1008 4246 Ahrens
1027 4192 1078 4245 uh.
1098 4191 1167 4245 Mus.
1187 4190 1214 4245 II

168 4269 312 4343 ἀγορεύσω
331 4269 405 4339 Lips.
511 4277 632 4325 366-92
657 4267 797 4341 ἀλλότριοι
822 4269 850 4325 σί
869 4275 956 4341 στίχοι
981 4272 1067 4326 schol.
1091 4272 1115 4324 A
1219 4277 1237 4324 3

168 4349 244 4422 ροντ’
270 4351 294 4403 A
402 4355 455 4404 374
478 4349 584 4422 χρυσέῳ
609 4346 664 4404 ἆνά
689 4352 768 4405 codd.
789 4384 821 4392 -
845 4355 953 4406 λίσσετο
973 4351 1009 4404 A:
1038 4347 1161 4405 ἐλίσσετο
1186 4349 1234 4405 CD

170 4440 221 4488 378
240 4427 345 4501 ἥνδανε
367 4430 446 4485 oodd.
