2984 5092
646 362 796 413 ΙΛΙΑΔΟΣ
816 362 855 411 IV

152 519 253 599 ίδρόα
276 520 315 599 θ’,
339 522 381 585 ὃν
403 522 523 600 ίδρωεα
546 523 649 608 μόγῳ,
669 526 805 603 καμέτην
829 526 864 589 δέ
890 546 941 603 μοι
964 525 1056 588 ἵπποι

156 629 244 691 λαὸν
267 626 453 713 ἀγειροιίεῃ,
476 630 610 714 Πριάμῳ
635 632 714 695 κακὰ
735 632 806 696 τοῖό
830 653 864 696 τε
888 632 1002 696 παιείν.

157 734 261 813 ξέρδ·
295 734 376 814 ἀτὰρ
401 736 440 800 οὔ
462 758 512 801 τοι
535 737 653 802 πάντεε
676 740 867 818 ἐπαινέομεν
891 740 958 803 θεοὶ
982 737 1101 803 άλλοι.“

255 845 316 921 τὴν
339 844 375 906 δέ
399 842 467 921 μέγ’
490 843 627 925 όχθήεαε
650 848 795 925 προεέφη
820 848 1058 925 νεφεληγερέτα
1081 845 1177 909 Ζεύε·
1304 859 1338 906 30

159 950 345 1029 ,,δαιμονίη,
367 950 397 1013 τί
420 951 459 1015 νύ
483 971 514 1015 (ε
539 951 683 1032 Πρίαμοτ
706 952 864 1032 Πριάμοιό
887 973 921 1016 τε
948 957 1059 1016 παῖδε(

159 1058 262 1121 τόεεα
285 1058 364 1120 κακά
386 1056 541 1136 ῥέζουειν,
564 1056 584 1121 ό
607 1056 635 1121 τ’
657 1057 812 1137 άεπερχὲε
836 1060 1010 1137 μενεαίνετε

163 1164 266 1229 Ἴλιον
290 1163 483 1229 ἐξαλαπάξαι
506 1165 691 1244 ἐυκτίμενον
714 1166 917 1244 πτολίεθρον;

162 1272 193 1337 εἰ
219 1273 255 1335 δέ
281 1272 316 1335 τιί
339 1268 368 1348 γ’
391 1270 573 1336 εἰκελθοθεα
596 1272 698 1337 πύλαε
723 1274 772 1336 καὶ
796 1273 902 1351 τείχεα
927 1273 1029 1352 μακρά

162 1378 258 1455 ὼμόν
283 1376 452 1457 βεβρώθοις
475 1378 623 1458 Πρίαμον
644 1379 803 1458 Πριάμοιό
827 1401 861 1443 τε
885 1384 1001 1445 παῑδαε

161 1484 288 1549 ἄλλου(
310 1505 345 1548 τε
368 1484 495 1565 Τρῶαε,
517 1486 590 1550 τότε
614 1507 669 1551 κεν
693 1486 793 1564 χόλον
817 1487 986 1551 ἐξακέταιο.

160 1593 280 1671 Ἑέρξον
302 1589 392 1655 όπωτ
415 1592 548 1658 ἐθέλειε·
580 1595 621 1672 μὴ
644 1592 740 1657 τοῦτό
764 1613 801 1669 γε
825 1597 930 1657 νεῖκοε
954 1593 1071 1657 ὀπίτεω

162 1700 217 1763 (οὶ
239 1698 292 1761 καὶ
314 1698 384 1776 ἐμοὶ
408 1696 475 1777 μέγ’
499 1682 606 1778 ἔριεμα
631 1698 697 1779 μετ’
719 1698 924 1779 ἀμφοτέροιτι
947 1702 1086 1779 γένηται.

163 1804 251 1869 ἄλλο
276 1806 311 1869 δέ
335 1825 385 1869 τοι
407 1806 521 1884 ξερέω,
545 1807 581 1869 τὺ
604 1804 632 1868 δ’
655 1807 703 1871 ἐνί
726 1808 817 1886 φρεεὶ
843 1806 959 1887 βάλλεο
983 1813 1081 1890 εῇειν·

161 1911 293 1976 ὁππότε
316 1932 371 1975 κεν
394 1913 445 1975 καὶ
467 1913 532 1989 ἐγὼ
556 1914 683 1992 μεμαὼε
707 1914 802 1978 πόλιν
825 1913 1018 1979 ἐξαλαπάξαι

160 2020 226 2097 τὴν
248 2020 364 2095 ἐθέλω,
388 2016 438 2083 όθι
461 2039 509 2082 τοι
533 2018 623 2098 φίλοι
646 2019 759 2098 ἀνέρε(
782 2020 984 2098 ἐγγεγάατιν,

161 2128 208 2207 μή
231 2148 261 2189 τι
285 2125 456 2206 διατρίβειν
478 2126 536 2190 τὸν
559 2126 638 2204 ἐμὸν
661 2126 774 2205 χόλον,
798 2125 880 2190 ἀλλά
904 2124 935 2205 μ’
957 2127 1053 2190 ἐᾶεαι.

162 2234 303 2311 καὶγὰρ
326 2233 392 2310 ἐγὼ
416 2232 463 2296 εοὶ
485 2234 573 2295 δῶκα
596 2233 697 2298 ξεκὼν
719 2232 863 2298 άξέκοντί
887 2254 922 2310 γε
947 2238 1045 2316 θυμῷ.

162 2340 200 2405 αἳ
224 2339 287 2418 γὰρ
309 2336 364 2402 ὑπ’
385 2338 482 2422 ἠελίῳ
505 2359 539 2403 τε
563 2340 614 2403 καὶ
637 2339 766 2423 οὐρανῷ
790 2339 971 2418 ἀττερόεντι

161 2444 347 2511 ναιετάουει
369 2445 489 2524 πόληετ
512 2445 705 2523 ἐπιχθονίων
729 2445 921 2524 ἀνθρώπων,

161 2551 255 2619 τάων
279 2574 331 2631 μοι
354 2553 427 2631 περί
450 2556 518 2632 κῆρι
540 2554 678 2620 τιέεκετο
702 2551 796 2617 Ἴλιοε
818 2554 868 2634 ἱρή

159 2662 217 2725 καί
238 2659 385 2739 Πρίαμοε
409 2659 460 2722 καὶ
482 2659 561 2723 λαόε
584 2658 741 2737 ἐυμμελίω
763 2660 931 2739 Πριάμοιο.

159 2768 206 2833 οὐ
228 2766 293 2845 γάρ
316 2766 368 2844 μοί
392 2787 471 2831 ποτε
496 2766 602 2847 βωμόε
625 2767 755 2831 ἐδεύετο
779 2768 887 2831 δαιτόε
910 2766 1024 2845 ἐξίεηε,

159 2878 277 2953 λοιβῆε
300 2894 336 2938 τε
359 2872 464 2951 κνίεηε
486 2890 537 2936 τε·
569 2873 607 2936 τὸ
630 2873 691 2951 γὰρ
716 2872 856 2952 λάχομεν
879 2876 975 2952 γέραε
999 2874 1116 2952 ἡμεῑε.“

254 2980 315 3045 τόν
338 2977 367 3045 δ’
389 2977 524 3059 ἠμείβετ’
548 2978 658 3044 ἔπειτα
683 2983 801 3060 βοῶπι(
826 2979 942 3044 πότνια
964 2980 1060 3058 Ἥρη·

159 3088 203 3173 χή
227 3108 280 3151 τοι
303 3088 373 3167 ἐμοὶ
396 3090 480 3164 τρεῑε
503 3087 562 3166 μὲν
586 3088 670 3150 πολὺ
694 3086 843 3165 φίλταταί
868 3086 922 3150 εἰει
947 3085 1080 3163 πόληεε,

159 3194 286 3272 Ἀργοε
308 3214 343 3258 τε
366 3192 494 3271 (πάρτη
517 3213 550 3256 ce
574 3192 625 3256 καὶ
649 3192 822 3271 εὐρυάγυια
847 3195 991 3272 Μυκήνη·

84 3310 91 3321 ’
160 3302 222 3367 τὰ(
246 3301 425 3379 διαπέρεαι,
447 3296 495 3362 ὅτ’
518 3297 558 3363 ἄν
581 3321 630 3365 τοι
654 3298 857 3377 ἀπέχθωνται
882 3300 953 3377 περὶ
977 3304 1059 3379 κῆρι·

161 3406 257 3473 τάων
281 3406 320 3471 οὔ
342 3428 392 3471 τοι
415 3406 480 3483 ἐγὼ
505 3404 615 3485 πρόεθ
637 3406 761 3485 ίεταμαι
785 3408 861 3471 οὐδέ
889 3405 1038 3485 μεγαίρω.

160 3514 210 3595 [εί
233 3534 295 3592 περ
319 3514 380 3593 γὰρ
404 3514 534 3592 φθονέω
558 3534 591 3577 τε
617 3515 668 3577 καὶ
691 3514 749 3577 οὐκ
773 3514 828 3578 εἰῶ
852 3515 1030 3591 διαπέρεαι,

160 3620 224 3686 οὐκ
248 3618 338 3685 άνύω
362 3618 542 3700 φθονέουέ,
565 3621 635 3684 ἐπεὶ
659 3622 678 3701 ἦ
702 3621 786 3684 πολὺ
810 3618 966 3698 φέρτερός
990 3621 1073 3698 ἐτειλ

160 3726 251 3791 ἀλλὰ
275 3729 335 3805 χρὴ
358 3728 409 3791 καί
431 3727 510 3806 ἐμόν
533 3729 661 3806 θέμεναι
685 3727 789 3790 πόνον
812 3726 871 3790 οὐκ
893 3724 1077 3790 ἀτέλεετον·

160 3836 215 3899 καὶ
240 3834 303 3913 γάρ
327 3834 392 3912 ἐγὼ
416 3832 489 3899 θεόε
512 3833 585 3912 εἰμι,
609 3835 704 3909 γένοε
727 3835 761 3898 δέ
787 3854 838 3911 μοι
862 3832 955 3896 ἐνθεν
979 3831 1054 3896 ὅθεν
1079 3832 1138 3909 τοί,

235 3992 441 4047 29=fl443.
459 3994 550 4044 X181
624 3994 808 4044 30=A517
883 3989 1073 4042 33=6>288
1152 3993 1337 4041 39=A297

159 4078 196 4127 4⁷
212 4096 250 4118 ε-
265 4078 292 4124 A
308 4076 368 4124 166.
388 4074 409 4124 Z
422 4076 483 4126 449.
503 4073 528 4125 Θ
543 4076 594 4125 562
667 4074 755 4124 ιίβ-ί)
770 4094 804 4115 =
819 4072 845 4122 a
860 4074 966 4123 69-70
1040 4074 1074 4120 όθ
1089 4094 1123 4113 =
1138 4076 1159 4121 A
1175 4074 1234 4121 551.

235 4218 272 4267 27
292 4209 363 4281 [δρῶ
382 4213 461 4267 codd.
477 4243 510 4252 -
531 4213 607 4266 ἵππω
621 4214 699 4267 Cant.
801 4216 834 4263 33
848 4206 945 4262 Ἴλιονε
967 4204 1046 4263 ’ίίίου
1062 4210 1150 4277 codd„
1170 4210 1234 4263 vide
1252 4214 1338 4262 3133

158 4300 195 4349 4¹
217 4288 375 4363 ἐγγεγάασι
393 4292 431 4347 A:
451 4288 603 4362 ίκγεγάασι
622 4292 667 4347 cl)
751 4296 785 4344 43
804 4285 874 4343 δῶκ’
900 4284 994 4343 ἀέκων
1014 4290 1129 4358 Trypho
1208 4294 1242 4341 45
1261 4308 1338 4342 ναιε-

157 4370 252 4429 τᾶοσι
272 4370 297 4424 D
389 4377 423 4426 47
444 4369 593 4442 ἐϋμμελίαι
613 4372 638 4425 A
728 4375 815 4424 55-ss
834 4363 1008 4422 άθετοῦνται
1028 4369 1114 4425 schol.
1134 4371 1157 4421 A
1244 4373 1278 4421 δά
1297 4388 1337 4436 γρ.

156 4452 307 4525 φέρτατος
324 4452 350 4505 Δ
422 4458 457 4507 όθ
475 4448 504 4506 δ’
526 4448 589 4523 ἐμοί
607 4452 698 4522 Wolf,
717 4453 748 4505 ιιί
766 4449 830 4505 vide
851 4449 960 4504 Bekker
978 4451 1059 4504 Hom.
1079 4450 1119 4503 Bl.
1139 4450 1151 4501 Ι
1171 4456 1231 4502 221.

213 4552 288 4603 mn,
302 4550 338 4591 ed.
352 4551 436 4593 Ghrlot.
1093 4541 1126 4591 Π
