2984 5092
202 356 268 419 544
685 359 836 410 ΙΛΙΑΔΟΣ
854 359 882 408 II

203 519 240 583 έν
264 516 328 603 γὰρ
352 516 445 603 χερσί
468 518 561 595 τέλος
584 519 747 603 πολέμου,
770 518 901 583 λεπέων
925 513 956 582 δ’
984 517 1034 583 ἐνὶ
1057 520 1177 602 βουλῆ·
1327 518 1377 585 26

201 628 247 712 τῷ
273 623 367 691 οὔτι
391 621 452 711 χρὴ
477 626 591 709 μῦθον
614 620 785 709 ὀφέλλειν,
810 621 893 690 ἀλλὰ
917 622 1115 709 μάχεσθαι.“
1323 642 1376 691 631

292 727 336 809 ιδς
357 728 482 798 λειπάν
506 727 524 798 λ’
549 729 610 817 μὲν
634 722 721 818 ἦρχ’,
746 727 764 796 δ
789 726 820 795 δ’
847 727 903 815 ἀμ’
930 730 1046 797 ἕσπετο
1069 728 1228 809 άισόθεος
1249 728 1333 816 φάς.
1455 714 1460 723 ’

200 842 268 906 τῶν
292 834 337 921 δ’,
361 835 406 915 ὥς
428 862 463 903 τε
487 835 664 924 δρυτόμων
686 833 824 922 ἀνδρῶν
847 833 1037 923 ὀρυμαγδὸς
1060 832 1172 925 όρωρη

202 942 320 1032 οὔρεος
343 945 379 1011 ἐν
403 943 562 1032 βήσσῃσι,
585 940 747 1023 άεκάςεδέ
766 969 801 1010 τε
825 941 928 1029 γίνετ’
954 940 1074 1030 ἀκουή·

201 1048 246 1131 δός
268 1055 336 1118 τῶν
360 1048 490 1137 ὤρνυτο
515 1054 640 1128 δοῦπος
663 1042 878 1135 ἀπδχθονδς
901 1047 1094 1136 εὐρυοδείης
1319 1069 1374 1119 636

200 1162 326 1246 χαλκοῦ
349 1183 383 1224 τε
405 1160 527 1243 άρινοῦ
549 1183 584 1224 τε
607 1161 699 1242 βοῶν
723 1154 947 1241 ένποιητάων,

202 1265 421 1350 νυσσομένων
444 1268 575 1350 ξίφεσίν
597 1289 632 1330 τε
654 1264 710 1330 καὶ
734 1269 863 1350 ἔγχεσιν
887 1260 1116 1348 ἀμφιγύοισιν.

203 1370 278 1439 οὐδ’
305 1367 349 1438 άν
373 1375 420 1438 ἔτι
443 1371 609 1459 φράδμων
632 1395 693 1459 περ
717 1368 803 1458 άνηρ
829 1367 1036 1458 Σαρπηδόνα
1060 1373 1137 1437 δῖον

202 1482 304 1564 ἔγνω,
329 1477 398 1544 ἐπεὶ
420 1478 568 1562 βελέεσσι
591 1478 646 1544 καὶ
670 1481 781 1565 αἵματι
805 1477 860 1543 καὶ
883 1482 1038 1564 κονίῃσιν

201 1587 236 1652 ἐκ
259 1587 405 1671 κεφαλῆς
428 1592 537 1652 είλυτο
563 1584 740 1672 διαμπερὲς
764 1588 797 1664 ἐς
819 1582 925 1663 πόδας
948 1580 1079 1668 ἄκρους.

202 1695 237 1756 οἳ
259 1689 290 1757 δ’
316 1692 380 1758 αίελ
404 1691 479 1777 περὶ
503 1690 625 1779 νεκρὸν
649 1689 799 1779 ὁμίλεον,
824 1688 869 1770 ὡς
892 1687 946 1758 ὅτε
970 1704 1064 1776 μυῖαι

200 1803 339 1890 σταθμῷ
364 1803 414 1865 ἔνι
437 1800 604 1886 βρομέωσι
627 1799 844 1888 περιγλαγέας
867 1824 948 1865 κατα
972 1798 1093 1876 πέλλας

201 1905 271 1992 όόρη
295 1909 465 1994 λειαρινῆ,
489 1904 544 1974 ότε
567 1932 600 1974 τε
623 1905 746 1992 γλάγος
769 1905 871 1992 ἀγγεα
895 1903 999 1971 δεύει·

289 2007 334 2090 ιδς
356 2009 422 2098 ἀρα
444 2013 497 2079 τοὶ
519 2013 594 2099 περὶ
618 2040 739 2102 νεκρου
764 2010 908 2098 ὁμίλεον.
955 2008 1038 2078 οὐδέ
1058 2035 1136 2079 ποτε
1160 2014 1244 2092 Ζεύς

199 2119 320 2204 τρέψεν
344 2115 409 2187 άπὸ
432 2124 593 2208 κρατερῆς
614 2117 757 2206 ὑσμίνης
781 2117 859 2187 όσσε
883 2117 1027 2203 φαεινά,
1319 2139 1373 2188 646

199 2221 283 2290 ἀλλά
307 2222 378 2290 κατ’
406 2223 529 2305 αὐτοὺς
551 2224 625 2292 αίδν
650 2223 728 2312 ὅρα,
751 2225 807 2292 καὶ
830 2223 971 2310 φράζετο
994 2228 1095 2316 θυμῷ

200 2329 305 2398 πολλὰ
330 2328 407 2417 μάλ’
433 2328 518 2417 ἀμφὶ
543 2331 638 2421 φόνῳ
663 2335 861 2420 Πατρόκλου
884 2336 1108 2417 μερμηρίζων,

199 2434 221 2524 ἢ
244 2436 310 2524 ήδη
334 2437 389 2503 καὶ
412 2451 527 2505 κεῖνον
550 2437 600 2505 ἐνὶ
623 2442 763 2528 κρατερῇ
788 2439 872 2525 ὑσμί
893 2508 900 2527 .

202 2543 307 2612 αὐτοῦ
332 2541 382 2612 ἐπ’
409 2541 554 2634 ἀντιθέῳ
578 2545 776 2633 Σαρπηδόνι
801 2550 961 2632 φαίδιμος
976 2541 1103 2628 Ἕκτωρ

200 2655 310 2743 χαλκῷ
335 2647 482 2738 δηάσεί,
506 2647 572 2717 ἀπό
596 2635 628 2717 τ’ι
652 2651 752 2738 άμων
775 2649 881 2739 τεύχε’
908 2653 1031 2736 ἕλοιτο,

201 2755 221 2843 ή
247 2765 293 2824 ἔτι
317 2758 372 2824 καὶ
395 2757 591 2825 πλεόνεσσιν
616 2755 787 2844 ὀφέλλειεν
811 2758 917 2827 πόνον
941 2756 1053 2825 αίπύν.

200 2855 266 2931 οδδε
290 2863 326 2931 δέ
349 2874 404 2931 foc
428 2867 607 2952 φρονέοντι
632 2865 799 2934 δοάσσατο
824 2863 959 2951 κέρδιον
983 2862 1085 2949 εἶναι,

200 2967 278 3055 ὄφρ’
305 2967 367 3055 ῆδς
390 2971 550 3058 θεράπων
574 2973 775 3058 Πηληιάδεω
797 2971 945 3059 Ἀχιλῆος

200 3077 327 3154 ἐξαῦτις
355 3076 470 3163 Τρῶάς
492 3104 526 3144 τε
549 3079 604 3145 καὶ
619 3076 761 3165 Ἕκτορα
783 3079 1053 3167 χαλκοκορυστήν

199 3180 321 3249 ὤσαιτο
345 3184 441 3270 προτί
463 3183 585 3270 άάστυ,
609 3186 739 3253 πολέων
763 3183 793 3252 δ’
820 3184 885 3254 ἀπὸ
909 3184 1022 3272 θυμὸν
1046 3187 1164 3252 ἕλοιτο.
1315 3207 1369 3256 666

201 3286 334 3377 Ἕκτορι
358 3290 394 3357 δὲ
417 3297 589 3378 πρωτίστῳ
614 3290 778 3359 ἀνάλκιδα
801 3290 914 3379 θυμόν
939 3294 1070 3378 ἐνῆκεν·

271 3528 321 3577 632
337 3548 370 3568 =
385 3529 408 3576 A
423 3530 474 3578 472
549 3531 615 3578 634⁸
630 3551 662 3571 =
681 3529 751 3578 1¹34
824 3521 891 3578 6361)
906 3551 939 3568 --
954 3546 970 3594 γ
985 3531 1037 3578 463
1111 3531 1161 3579 637
1178 3552 1211 3570 =
1226 3529 1256 3579 N
1271 3532 1320 3581 147

198 3608 250 3655 643
265 3628 298 3647 =
314 3608 334 3656 Β
350 3609 400 3657 471
475 3603 542 3658 64511
557 3631 591 3650 ==
607 3608 637 3658 N
649 3613 664 3658 3
738 3601 804 3658 651¹¹
824 3631 857 3648 =
873 3608 890 3677 β
904 3611 956 3660 334
1029 3612 1080 3660 (352
1097 3632 1129 3651 =
1146 3610 1176 3660 N
1189 3611 1249 3660 468.

270 3814 319 3861 631
341 3802 497 3878 ὀφελλέμεν
518 3810 605 3874 malo,
625 3810 658 3862 cf.
679 3810 747 3878 prol.
768 3829 794 3879 p.
817 3817 864 3863 121
939 3817 990 3864 633
1011 3805 1103 3882 ὀρώρῃ
1123 3811 1247 3866 Bekker:
1267 3807 1367 3881 ὀρώρει

199 3888 245 3940 Ac
264 3889 310 3940 Ar.
348 3883 456 3957 ὄρωρεν
477 3889 500 3940 D
520 3891 549 3942 et
569 3908 608 3957 γρ.
629 3890 759 3944 schol.A
832 3897 884 3944 634
904 3887 1019 3960 βήσσηοι
1041 3888 1108 3952 ἑκάς
1127 3890 1238 3947 Nauck:
1264 3888 1368 3964 βήσσῃς

198 3963 305 4022 ἕκάθεν
326 3967 405 4022 codd.
427 4000 457 4006 -
479 3964 583 4036 άκονήε
606 3962 678 4036 άντή
698 3969 838 4038 Aristoph.
913 3978 963 4024 636
984 3967 1085 4038 ὄρνυτο
1105 3972 1128 4024 Ι)
1202 3979 1253 4027 636
1272 3970 1367 4041 βινοῦι

197 4068 237 4115 γρ.
258 4046 343 4117 βινῶν
363 4048 449 4101 schol.
469 4053 492 4102 Α
513 4080 546 4089 -
567 4049 640 4122 βοῶν
659 4050 705 4102 Ar.
725 4049 759 4103 de
780 4050 950 4106 coniectura:
971 4052 1045 4121 βοῶν
1064 4046 1089 4105 τ’
1111 4051 1199 4121 codd,
1219 4053 1253 4108 ef.
1271 4057 1303 4106 M
1315 4061 1368 4109 263

198 4134 249 4182 636
268 4126 434 4198 Σαρπηδόνι
458 4132 509 4200 δι’ςο
528 4130 573 4183 Ar.
683 4135 734 4185 642
759 4130 951 4200 πολυγλαγέας
976 4133 1067 4201 Apoll.
1092 4132 1176 4201 Soph.
1197 4139 1243 4201 66,
1265 4142 1277 4186 1

198 4214 248 4260 643
268 4202 326 4278 πόρῃ
344 4207 478 4277 άειαρινῆ
501 4209 628 4278 Bentley:
653 4204 711 4279 ὥρη
732 4207 763 4265 έν
783 4210 853 4279 εἶαρ.
874 4213 967 4278 codd.‚
987 4213 1021 4266 cf.
1044 4218 1130 4266 6471
1153 4244 1184 4252 -
1205 4211 1276 4283 δεύῃ
1296 4215 1368 4269 coni.

198 4289 295 4342 Nauck
378 4294 428 4340 647
449 4290 510 4343 fort.
532 4288 696 4358 Πατρόκλου
783 4298 834 4347 650
854 4290 997 4362 δηιόσειθ
1035 4290 1199 4363 δηάσηΑλ)
1220 4293 1369 4363 -ἕληται

198 4369 285 4434 codd„
305 4369 446 4435 optativos
464 4371 588 4425 restituit
606 4369 700 4425 Naber
719 4375 824 4439 quaest.
844 4374 917 4426 bom.
938 4378 971 4427 96
1070 4380 1122 4428 666
1140 4373 1262 4429 πολέωνι
1281 4376 1369 4438 πολῦς

197 4447 267 4502 coni.
287 4448 402 4500 Menrad
476 4455 527 4502 666
547 4445 648 4518 ἐνῆκεν
668 4451 753 4505 ACD:
771 4473 812 4520 γρ.
834 4449 955 4523 ἐνῶρσεν
975 4453 1051 4508 Euat.
