2984 5092
210 356 275 420 592
695 361 848 412 1111102
866 359 890 410 Σ

209 521 279 603 φήν
304 517 340 585 δέ
362 525 418 584 ίοι
442 522 489 598 είς
509 515 662 588 Ὀπόεντα
686 517 884 603 περικλυτὸν
906 518 985 586 υίὸν
1008 515 1147 598 ἀπάξειν
1338 520 1391 587 30

211 622 316 692 Ἴλιον
340 624 543 709 ἐκπέρσαντα
566 626 711 713 λαχόντα
733 653 768 694 τε
791 631 906 713 ληίδος
929 622 1038 692 αἶσαν.

209 727 281 797 ἀλλ’
308 728 349 798 οὐ
372 729 457 812 Ζεύς
480 731 640 820 ἄνδρεσσι
662 733 813 822 νοήματα
836 732 945 801 πάντα
967 734 1113 818 τελευτᾷ·

209 834 308 923 ἀμφω
331 836 395 923 γάρ
419 838 586 925 πέπρωται
612 838 732 927 ὁμοίην
755 854 855 927 γαῖαν
879 843 1011 926 ἐρεῦσαι

208 941 314 1011 αὐτοῦ
337 945 386 1012 ἐνλ
414 952 532 1034 Τροίῃ,
557 949 626 1014 ἐπεὶ
650 946 724 1016 οὐδ’
750 948 806 1034 ἐμὲ
829 947 1037 1034 νοστήσαντα

208 1048 334 1130 δέξεται
359 1052 395 1118 ἐν
419 1053 592 1139 μεγάροισι
615 1053 725 1141 γέρων
749 1055 914 1140 ἱππηλάτα
938 1051 1071 1139 Πηλεύς

208 1152 288 1223 οὐδὲ
311 1159 406 1236 Θέτις
428 1158 551 1247 μήτηρ,
574 1159 647 1228 ἀλλ’
674 1160 779 1230 αὐτοῦ
801 1176 880 1246 γαῖα
903 1159 1045 1239 καθέξει.

207 1268 272 1330 νῦν
296 1261 327 1331 δ’
354 1265 423 1332 ἐπεὶ
447 1258 525 1351 οὖν,
549 1268 738 1354 Πάτροκλε,
763 1272 822 1336 σεῦ
845 1267 984 1355 ὕστερος
1007 1262 1072 1350 εἶμ’
1097 1260 1164 1331 ὑπὸ
1187 1277 1306 1350 γαῖαν,

209 1367 250 1437 οὔ
273 1391 309 1437 σε
333 1371 412 1456 πρὶν
435 1379 568 1459 κτεριῶ,
591 1382 671 1462 πρίν
693 1375 725 1462 γ’
743 1373 901 1464 Ἕκτορος
924 1369 1042 1442 ἐνθάδ’
1069 1373 1191 1440 ἐνεῖκαι

206 1477 324 1563 τεύχεα
346 1478 400 1544 καὶ
424 1481 589 1567 κεφαλήν,
613 1485 812 1570 μεγαθύμου
834 1496 908 1551 σοῖο
933 1474 1073 1567 φονήος·
1141 1556 1142 1560 ¹
1328 1496 1385 1545 3³5

208 1582 337 1650 δώδεκα
362 1584 398 1652 δὲ
421 1588 632 1673 προπάροιθε
654 1594 762 1680 πυρῆς
783 1587 1078 1675 ἀποδειροτομήσω

212 1690 336 1776 Τρώων
359 1688 466 1776 ἀγλαά
490 1693 604 1780 τέκνα,
628 1697 731 1767 σέθεν
753 1698 931 1785 κταμένοιο
955 1696 1125 1784 χολωθείς.

207 1798 314 1883 τόφρα
338 1796 375 1865 δέ
399 1825 455 1884 μοι
478 1801 568 1888 παρὰ
591 1805 691 1891 νηυσὶ
714 1812 875 1893 κορωνίσι
898 1809 1021 1872 κείσεαι
1045 1795 1168 1881 αὔτως,

208 1899 295 1989 ἀμφὶ
315 1902 351 1970 δὲ
375 1903 412 1972 σὲ
440 1909 549 1998 Τρῳαὶ
572 1912 627 1978 καὶ
652 1918 864 2000 Δαρδανίδες
886 1908 1099 1998 βαθύκολποι

206 2009 408 2076 κλαύσονται
431 2012 553 2095 νύκτας
575 2045 610 2085 τε
633 2022 688 2088 καλ
711 2019 819 2107 ήματα
843 2019 951 2105 δάκρυ
974 2014 1146 2102 χέίουσαι,
1327 2031 1384 2079 040

206 2114 264 2193 τὰς
287 2112 383 2183 αὐτοὶ
406 2120 603 2206 καμόμεσθα
626 2133 728 2214 βίηφί
747 2153 781 2194 τε
805 2131 906 2212 δουρί
925 2150 960 2191 τε
983 2121 1113 2210 μακρῷ,

205 2227 334 2307 πιείρας
356 2222 522 2310 πέρθοντε
545 2235 641 2314 πόλις
663 2235 819 2321 μερόπων
842 2231 1065 2319 ἀνθρύπων.“

295 2325 340 2407 ῷς
362 2324 486 2396 ίειπών
511 2325 678 2412 ἑτάροισιν
703 2322 851 2392 ἐκέκλετο
875 2327 948 2402 δῖος
968 2318 1133 2409 Ἀχιλλεύς

206 2433 291 2522 ἀμφὶ
315 2437 396 2519 πυρὶ
419 2438 536 2521 στήσαι
559 2435 700 2519 τρίποδα
724 2430 846 2516 μέγαν,
871 2427 961 2516 όφρα
983 2437 1119 2522 τάχιστα

198 2544 402 2630 Πάτροκλον
426 2541 578 2610 λοέσειαν
601 2536 666 2606 ἀπο
689 2537 814 2623 βρότον
838 2539 1047 2623 αἱματόεντα.

206 2654 240 2716 οἳ
262 2649 298 2717 δὲ
322 2646 521 2735 λοετροχόον
545 2640 674 2732 τρίποδ’
700 2647 840 2710 ἵστασαν
863 2647 900 2713 ἐν
924 2648 1003 2733 πυρί
1026 2648 1149 2739 κηλέῳ,

207 2757 242 2821 ἐν
267 2753 298 2821 δ’
325 2754 379 2840 ἄρ’
405 2752 498 2840 ὕδωρ
523 2758 654 2839 ἔχείον,
677 2746 742 2816 ὑπὸ
767 2749 804 2818 δὲ
828 2748 910 2830 ξύλα
933 2757 1031 2821 δαῖον
1055 2755 1194 2832 ἑλόντες.

205 2862 352 2948 γάστρην
376 2861 436 2947 μὲν
459 2863 617 2944 τρίποδος
639 2861 706 2944 πῦρ
730 2854 876 2942 ἀμφεπε,
899 2857 1042 2945 θέρμετο
1067 2858 1099 2928 δ’
1124 2859 1227 2947 ὕδωρ.

205 2968 311 3053 αὐτὰρ
336 2968 404 3035 ἐπεὶ
429 2966 470 3053 δή
496 2966 609 3047 ζέσσεν
632 2963 725 3048 ὕδωρ
750 2964 799 3032 ἐνὶ
816 2963 924 3050 ’ήνοπι
947 2971 1073 3058 χαλκῷ,

204 3076 259 3141 καὶ
283 3075 356 3142 τότε
381 3074 422 3160 δή
447 3073 569 3143 λόεσάν
592 3099 626 3139 τε
649 3073 704 3139 καὶ
728 3070 870 3157 ἤλειψαν
893 3072 961 3140 λίπ’
987 3076 1102 3165 ἐλαίῳ,
1323 3095 1379 3142 300

205 3183 241 3248 ε’ν
266 3179 297 3248 δ’
324 3179 460 3260 ὠτειλάς
483 3185 613 3266 πλῆσαν
637 3176 815 3265 ἀλείφατος
839 3179 1028 3264 ἐννεώροιο.

204 3288 241 3354 ἐν
264 3287 410 3374 λεχέεσσι
434 3287 472 3354 δέ
494 3286 612 3365 θέντες
635 3287 722 3376 ἑανῷ
746 3285 811 3351 λιτὶ
834 3285 989 3363 κάλυψαν

205 3395 238 3472 ἐς
261 3393 367 3474 πόδας
390 3397 425 3461 ἐκ
448 3397 607 3479 κεφαλῆς,
631 3391 827 3477 καθύπερθε
852 3392 888 3458 δέ
912 3392 1015 3479 φάρει·
1036 3397 1150 3484 λευκῷ.

292 3500 469 3586 παννύχιοι
493 3499 554 3587 μὲν
579 3504 688 3566 ἔπειτα
712 3497 818 3577 πόδας
840 3496 945 3585 ταχίιν
969 3497 1053 3586 ἀμφ’
1077 3498 1210 3587 Ἀχιλήα

208 3607 424 3693 Μυρμιδόνες
448 3604 647 3691 Πάτροκλον
670 3603 931 3691 ἀνεστενάχοντο
955 3611 1106 3692 γοῶντες.
1322 3627 1377 3675 300

274 3783 341 3838 32¹1b
357 3811 389 3829 =
406 3804 418 3837 ε
434 3791 468 3837 40
541 3783 656 3837 3311)Ξ
674 3788 700 3835 H
717 3789 766 3836 125
839 3789 943 3836 336-'1
960 3811 992 3829 =
1010 3788 1040 3837 Ψ
1053 3791 1141 3837 22-3
1205 3791 1256 3838 330
1273 3810 1307 3829 =
1324 3791 1376 3838 122

203 3870 255 3917 340
270 3890 303 3910 =
318 3868 344 3917 52
360 3870 418 3917 745.
439 3869 453 3917 λ
471 3868 519 3916 183
600 3870 652 3916 344
668 3889 700 3907 =
716 3867 742 3914 X
755 3868 815 3919 443.
838 3865 867 3914 Ψ
879 3869 922 3919 40.
941 3870 964 3916 θ
978 3871 1029 3916 434
1108 3871 1159 3917 345
1175 3890 1208 3910 =
1225 3867 1254 3917 Ψ
1267 3871 1300 3917 41

203 3950 276 3997 340-
292 3950 308 3997 8
324 3970 356 3988 =
371 3947 394 3996 θ
409 3949 513 3997 435-7
597 3949 648 3996 340
664 3968 698 3986 =
712 3962 728 3995 κ
744 3949 796 3995 300
878 3942 944 3996 350b
960 3969 992 3989 =
1008 3965 1022 3995 τ
1038 3951 1088 3997 505
1163 3951 1214 3998 352
1230 3970 1262 3989 =
1280 3947 1310 3996 Ψ
1322 3951 1376 3999 254

203 4030 270 4077 354⁵
285 4051 317 4070 =
335 4028 362 4076 H
375 4029 426 4077 470
500 4030 551 4076 355
568 4049 600 4068 =
616 4030 676 4076 315.

272 4206 325 4255 338
344 4221 384 4268 γρ.
405 4195 492 4262 οὕτως
510 4200 587 4256 Euat.
654 4207 705 4254 342
725 4198 820 4262 πόλεις
838 4201 943 4267 ACDS,
963 4202 998 4257 cf.
1019 4203 1087 4270 prol.
1108 4208 1123 4266 ξ
1143 4208 1176 4255 80
1226 4209 1284 4256 ’345
1306 4201 1373 4257 λού-

202 4300 282 4335 σειαν
301 4281 381 4337 codd.
444 4289 495 4336 347
516 4281 596 4351 ἔχεαν
616 4284 704 4337 Cobet
723 4282 799 4336 misc.
819 4282 880 4335 erit..
899 4288 964 4335 419:
985 4281 1069 4350 ἔχεαν
1087 4284 1180 4335 Acvs
1242 4289 1295 4336 349
1315 4277 1376 4337 ένλε

204 4356 248 4413 ἐπὶ
269 4361 289 4413 0
362 4369 414 4415 350
433 4364 536 4415 λοῦσαν
555 4364 633 4416 codd.
716 4368 767 4415 351
788 4363 850 4415 fort.
871 4357 1001 4422 όατειλάς
1021 4393 1049 4400 —
1072 4361 1189 4414 fortasse
1210 4358 1374 4430 έννεαιόρου

203 4438 248 4506 (ef.
267 4436 371 4508 ἄωρος)
391 4441 435 4495 hic
455 4446 484 4495 et
502 4464 518 4495 κ
540 4449 580 4496 19.
600 4449 651 4496 390
670 4442 872 4496 restituendum
891 4443 929 4495 sit
