2962 5070
613 358 857 421 -115-

237 509 309 580 ἕσσ’
333 539 389 600 pro
413 511 471 600 εἶς,
495 539 563 582 cum
587 539 646 581 uno
666 539 761 600 eoque
781 521 865 580 facile
885 518 1068 580 emendando
1087 519 1151 580 loco
1171 519 1319 599 Odysseae

145 640 165 698 ρ
195 616 261 680 388
290 629 414 699 excepto
445 630 512 681 ante
541 638 700 680 consonam
728 618 857 678 litteram
886 627 1025 678 occurrat
1053 627 1082 677 et
1111 618 1196 696 plena
1225 619 1318 678 forma

76 716 79 721 ’
146 711 218 777 ἐσσὶ
248 716 326 778 haud
358 736 426 778 raro
451 718 486 778 ab
510 718 639 778 Homero
664 724 804 796 usurpata
829 719 880 795 sit,
910 716 1038 776 Leonem
1063 717 1205 776 llleiernnr
1231 716 1264 778 H.
1290 717 1319 775 Z.

147 814 187 874 tx
212 813 279 876 373
303 825 333 877 et
355 815 521 877 Nauclrium
541 824 663 876 secutus
687 814 879 875 scribendum
903 814 981 874 duxi.

238 913 397 974 Genetiros
429 913 525 974 dualis
553 910 683 974 ἵπποιιν
712 903 922 991 ὀφθαλμοῖιν
945 907 1187 994 μαρναμένοιιν
1215 911 1320 971 similia

147 1014 276 1073 intactos
301 1011 416 1090 reliqui,
440 1012 492 1072 sed
516 1011 587 1071 salsa
611 1010 782 1071 diductione
802 1009 977 1088 diphthongi
997 1028 1031 1068 ex
1051 1006 1175 1070 ἵπποιιν
1195 1001 1322 1088 ὀφθαλ-

146 1107 236 1190 μιόιν
264 1104 500 1191 μαρναμένοιιν
528 1117 686 1187 corruptos
714 1126 779 1167 esse
810 1108 917 1168 indico.
965 1106 1025 1166 Hae
1054 1110 1132 1167 enirn
1157 1110 1267 1167 formae
1291 1116 1321 1167 et

146 1206 280 1285 analogia
304 1210 507 1286 genetivorum
531 1207 740 1285 pronominum
760 1203 871 1284 σφῶιν
891 1215 920 1265 et
938 1202 1022 1265 νῶι-ν
1041 1224 1095 1264 nee
1117 1225 1174 1266 non
1194 1208 1321 1266 nominis

141 1295 355 1383 Ἰπαασίδηιν
379 1305 410 1364 Λ
433 1301 496 1364 431
528 1311 642 1364 tantum
672 1321 730 1362 non
755 1302 924 1380 flagitantur
952 1310 982 1361 et
1005 1304 1116 1381 optime
1141 1303 1322 1380 respondent

147 1404 258 1480 priscis
286 1403 474 1462 nominativis
503 1397 590 1485 ἵππῳ
620 1392 802 1485 ὀφθαλμῷ,
831 1418 957 1478 quornm
986 1403 1128 1460 memoria
1156 1403 1185 1460 in
1215 1420 1321 1479 prono-

148 1498 281 1560 minibus
309 1496 371 1560 voit
400 1507 430 1559 et
459 1497 547 1577 σφῶι
578 1508 692 1558 serrata
720 1507 778 1579 cst,
812 1498 889 1557 unde
917 1491 966 1582 νῴ
990 1507 1020 1559 et
1043 1491 1118 1580 σφςό
1141 1517 1196 1576 pro
1220 1492 1268 1559 νά
1293 1508 1323 1558 et

144 1590 223 1677 σφω’
248 1595 341 1657 scribi
365 1596 504 1676 Cobctns,
530 1599 612 1657 misc.
636 1598 701 1656 crit.
725 1614 753 1673 p.
778 1592 842 1655 224
866 1597 961 1654 iussit.

239 1696 391 1755 doristum
415 1696 580 1756 secundum
602 1692 748 1772 deprimor
768 1702 798 1753 et
816 1695 982 1772 perlectum
1002 1694 1165 1755 secundum
1185 1689 1322 1774 τέτροφε

146 1794 365 1853 intransitivam
399 1795 456 1853 vim
488 1793 567 1871 apud
596 1791 757 1851 Homerum
791 1791 931 1851 imbuisse
960 1792 1085 1870 ideoque
1113 1784 1240 1870 τράφεν
1269 1810 1322 1869 pro

144 1883 258 1969 τράφη
289 1889 321 1951 Γ
344 1887 418 1951 201.
446 1891 477 1950 Α
506 1887 584 1969 222,
613 1881 800 1969 ἐτράφομεν
828 1907 882 1967 pro
908 1881 1097 1969 ἐτράφημεν
1126 1890 1162 1947 Ψ
1184 1886 1226 1949 84
1250 1891 1321 1948 scri-

147 1988 279 2047 bendum
312 2006 377 2048 esee
407 1988 604 2049 Huttmannns
633 1989 664 2046 in
691 2003 812 2064 gramm.
843 1987 907 2045 mai.
937 1985 962 2044 ll
991 1984 1054 2046 307
1085 1996 1143 2046 tam
1172 1986 1323 2064 praeclare

146 2086 264 2165 docuit,
307 2094 339 2146 ut
376 2088 560 2146 verissimam
597 2084 673 2144 hanc
710 2083 946 2143 observationem
983 2087 1012 2144 in
1053 2084 1186 2161 Ebelingi
1229 2084 1323 2143 lexico

148 2181 310 2242 Homerico
334 2201 371 2243 ne
395 2181 796 2259 commemoratumquidem
821 2199 887 2240 esse
911 2184 1017 2242 merito
1041 2181 1212 2260 indigneris.

238 2279 358 2342 niseum
381 2274 465 2361 μηοὲ
489 2280 526 2342 ιι
550 2281 578 2342 a
605 2278 676 2342 scs.
706 2276 774 2339 ιιι.
795 2279 824 2338 r
847 2276 895 2339 ro.
916 2280 949 2339 x
964 2278 1037 2340 aaa.
1058 2279 1090 2339 n
1110 2276 1174 2339 aso
1194 2286 1224 2338 α
1244 2252 1345 2345 osai.

147 2373 227 2438 ἐῶσι
247 2375 269 2438 d
288 2375 353 2439 805
371 2387 402 2439 et
421 2373 457 2440 dl
477 2376 584 2460 ἐῶμεν
603 2392 624 2438 σ
641 2374 707 2438 420
727 2375 776 2436 alii
791 2385 925 2437 revocata
941 2377 1034 2437 forma
1049 2379 1111 2455 eta,
1131 2376 1180 2436 alii
1195 2376 1324 2436 diductis

148 2473 301 2536 vocalibus
324 2469 406 2536 ἐάαν
430 2485 460 2537 et
482 2470 581 2538 ἐόωσι
606 2493 759 2533 removere
782 2476 880 2535 eonati
904 2483 981 2535 sunt.
1024 2474 1170 2554 Equidem
1193 2475 1323 2551 priorem

149 2574 305 2651 rationein,
324 2574 434 2652 quippe
454 2574 528 2652 quac
551 2575 613 2650 ipsa
629 2571 685 2631 hde
701 2571 837 2631 codieunr
853 2580 903 2631 aut
917 2573 1049 2630 omnium
1064 2580 1115 2631 aut
1129 2570 1324 2648 plurimorum

149 2669 178 2730 Β
206 2666 277 2730 132.
300 2670 331 2730 Λ
355 2666 429 2731 550.
453 2670 483 2729 Ρ
502 2667 576 2730 659.
602 2670 631 2728 Τ
656 2666 725 2728 139.
750 2682 771 2728 σ
793 2665 862 2745 420,
883 2671 1077 2748 sustineatur,
1105 2677 1225 2728 secutus
1250 2688 1324 2728 sunt.

240 2767 471 2828 Productionem
500 2766 628 2847 syllabae
653 2776 723 2826 sunt
746 2768 798 2845 qni
821 2765 968 2843 duplicata
992 2765 1121 2825 sibilanti
1146 2765 1190 2824 vel
1214 2765 1325 2844 liquida

149 2866 244 2936 ι”σσος
277 2865 390 2924 ῐσσασι
421 2863 541 2944 κνίσση
574 2862 774 2944 μητίσσομαι
808 2864 941 2943 λμμεναι
976 2855 1180 2943 ζευγνύμμεν
1212 2859 1325 2944 τιθέμ-

147 2980 247 3040 μεναι
271 2965 397 3041 exprimi
422 2962 524 3043 velint3
544 2964 580 3025 ci.
600 2962 633 3022 G.
653 2962 790 3023 Curtium
809 2963 839 3020 in
859 2960 956 3039 Leipz.
977 2960 1063 3021 Stud.
1081 2960 1119 3020 Hl
1142 2958 1325 3023 189-202.

150 3058 309 3119 Praeterea
333 3060 480 3140 dubitant,
504 3079 573 3120 uum
599 3060 713 3120 vocales
737 3080 765 3120 ει
786 3069 816 3119 et
838 3080 857 3138 η
878 3057 1035 3119 verbortun
1053 3053 1223 3137 λειάρινος
1242 3053 1326 3119 εἰλά-

148 3175 243 3228 τινος
271 3150 416 3230 εἰνάλιος
444 3151 590 3229 strictos
612 3147 784 3237 ἠυγένειος
807 3149 950 3237 ἡνμενής
973 3146 1120 3236 ἠύκομος
1143 3155 1193 3217 εἰν
1214 3147 1325 3218 Ἀίδαο

151 3254 202 3316 εἰν
237 3247 450 3336 Ἁριμάστιοις
485 3257 746 3334 grammaticorum
783 3252 1061 3332 interpolationibus
1096 3255 1260 3315 debeantur
1297 3264 1327 3314 ct

151 3356 350 3432 genuinarum
375 3354 536 3413 formarum
558 3355 649 3432 λῑεαρ.
673 3348 758 3413 ἐλατ.
778 3347 865 3412 ἐναλ.
886 3347 922 3412 ἐν
940 3343 1017 3411 Ἆιὸ.
1038 3355 1162 3430 primaru
1187 3352 1326 3431 syllabam

154 3455 180 3511 vi
209 3455 289 3513 ictus
313 3451 481 3531 producere
505 3458 645 3530 praestet.
691 3449 776 3528 llihi,
805 3459 837 3509 nt
867 3468 935 3508 cum
959 3448 1060 3510 Tacito
1086 3450 1202 3529 loquar,
1231 3469 1327 3529 neque

153 3551 331 3610 confirmare
369 3567 432 3609 rem
470 3550 652 3627 argumentis
690 3567 787 3626 neque
825 3546 959 3607 refellere
998 3549 1028 3606 in
1065 3549 1163 3606 animo
1197 3556 1254 3607 est:
1291 3566 1327 3606 ex

154 3650 273 3726 ingenio
297 3665 352 3708 suo
376 3648 503 3727 quisque
527 3647 625 3707 demat
649 3645 695 3706 vel
719 3644 806 3705 addat
831 3645 926 3705 hdem.

519 3830 568 3884 De
592 3827 741 3884 metricis
764 3827 963 3884 rationibus.

244 3936 341 4015 §64
388 3937 482 4017 Leges
510 3939 646 4018 dactylici
671 3938 835 3999 hexametri
859 3946 888 3998 et
912 3955 1036 3997 veneres
1060 3953 1198 3995 versuum
1223 3935 1328 3997 llome-

155 4040 288 4098 ricorum
324 4055 474 4116 exponere
510 4036 547 4097 ab
580 4036 635 4096 hoc
669 4035 734 4096 loco
767 4035 894 4097 alienum
928 4043 987 4116 est3
1024 4052 1061 4093 ne
1095 4032 1166 4093 illnd
1199 4035 1328 4116 quidem,

156 4138 290 4216 quamvis
313 4152 420 4214 operae
444 4136 574 4213 pretium
598 4143 686 4214 esset,
709 4133 875 4194 edisserere
899 4133 972 4193 mihi
991 4134 1141 4211 proposui,
1166 4151 1241 4210 quae
1261 4151 1328 4210 pro·

156 4237 298 4313 prietates
321 4231 471 4293 Homerici
498 4232 662 4293 hexametri
691 4234 751 4292 sint
775 4241 804 4291 ct
829 4230 937 4309 quihus
961 4229 1050 4290 rebus
1075 4247 1124 4288 ars
1148 4227 1267 4290 Homeri
1292 4230 1328 4290 ab

155 4340 218 4393 arte
247 4339 415 4392 ceterorum
443 4338 598 4409 poetarum
626 4329 750 4390 diderat.
797 4328 905 4388 Verum
930 4347 1004 4406 tynae
1030 4346 1096 4386 cnm
1123 4335 1203 4386 [σου
1230 4346 1327 4387 emen--

157 4429 254 4490 dando
282 4437 313 4487 et
345 4429 553 4488 constituendo
582 4427 742 4487 cohaerent
770 4428 958 4504 quaestiones
988 4427 1141 4504 metricae,
1174 4444 1223 4484 eas
1251 4424 1328 4485 solas

1080 4526 1117 4579 8*
