2962 5070
577 320 820 385 -147-

115 486 236 547 ductam
268 486 408 566 syllabam
442 494 603 547 extremam
637 483 746 543 babent
774 491 803 543 et
831 484 969 544 infinitivi
997 487 1027 544 in
1056 470 1134 565 εμευ
1162 483 1285 544 aliorum

113 593 283 664 temporum
312 591 381 645 ante
413 602 558 644 consonas
595 582 708 642 litteras
745 599 867 659 perraro
900 585 930 642 in
963 582 1107 661 Odyssea,
1140 599 1287 661 nusquam

115 686 146 743 in
185 682 302 762 hymnis
339 677 569 762 iuveniantnr¹).
632 679 703 740 lnde
733 688 848 739 certum
881 687 969 758 atque
1002 680 1187 758 exploratum
1220 698 1286 739 esse

114 780 215 841 iudico
247 783 305 840 iam
338 789 406 840 ante
434 780 582 840 Pisistrati
611 786 749 856 aetatem,
782 794 841 854 quo
871 785 1003 854 tempore
1032 778 1156 838 Scutum
1185 776 1286 836 Hesio-

116 879 204 940 deum
225 877 417 957 pangebatur,
437 886 539 956 poetas
563 879 664 956 epicos
688 883 849 935 extremam
869 875 1008 953 syllabam
1028 877 1165 936 inlinitivi
1184 875 1287 935 aoristi

114 980 145 1037 in
183 977 257 1036 duas
299 974 424 1055 syllabas
461 974 625 1034 distrahere
663 975 806 1052 coepisse.
871 973 928 1033 Sed
966 993 1034 1034 cnm
1072 973 1219 1034 Hesiodus
1256 974 1285 1031 in

113 1076 253 1153 genuinis
289 1072 470 1133 carminibus
508 1072 544 1132 ab
581 1073 635 1133 bae
673 1070 826 1150 prosodica
860 1070 977 1131 lieentia
1011 1090 1076 1132 sese
1108 1071 1287 1131 abstinuisse

114 1173 259 1251 rideatur,
283 1172 506 1249 antiquissimos
529 1188 648 1249 quoqne
673 1168 847 1229 llumeridas
870 1171 956 1230 istam
980 1170 1182 1232 diductionem
1206 1186 1287 1247 spre-

115 1272 194 1330 visse
224 1271 287 1329 reri
315 1267 498 1328 simillimum
527 1285 592 1327 esse
621 1266 707 1326 duco.
753 1267 849 1345 Atque
882 1286 918 1327 ex
952 1270 1031 1328 omni
1055 1269 1175 1347 (pridem
1199 1266 1288 1327 lliade

115 1370 279 1428 infinitivus
311 1369 386 1426 istos
418 1365 555 1426 diductos
589 1363 783 1443 expulissem,
816 1366 873 1423 nisi
901 1384 1006 1424 uersus
1034 1384 1124 1443 supra
1152 1364 1288 1425 laudatus

115 1466 149 1527 X
168 1462 234 1526 426
258 1466 315 1524 iam
340 1482 468 1543 pronum
491 1463 526 1523 ad
546 1463 756 1541 corrigendum
775 1465 884 1523 iterum
904 1482 950 1522 me
971 1471 1147 1523 revocasset.
1184 1462 1289 1522 Nullus

114 1582 186 1623 rere
205 1562 338 1623 dubitavi
358 1581 415 1623 unu
435 1571 465 1622 et
489 1580 586 1622 reram
606 1564 744 1622 inlinitiri
764 1563 887 1621 formam
907 1571 937 1622 et
960 1561 1098 1640 digamnri
1122 1548 1180 1621 rim
1204 1564 1289 1621 resti-

115 1671 201 1722 tuere
225 1660 383 1721 scribendo
401 1680 435 1722 τε
449 1659 559 1721 έιδεῖυ
574 1650 618 1735 (τ’
645 1652 747 1720 ἰδέειν
762 1652 861 1741 οοδδ.)
886 1656 1001 1720 Θ453.
1021 1657 1129 1739 δ475,
1154 1678 1208 1719 nec
1227 1661 1289 1719 scio

114 1778 151 1820 an
171 1758 263 1819 dnbio
282 1757 332 1818 Hie
351 1758 415 1819 loco
437 1760 467 1818 X
482 1756 547 1818 428
567 1760 663 1836 prisca
684 1768 714 1818 et
732 1760 860 1837 germina
880 1755 968 1818 lectio
989 1759 1079 1818 inerit
1097 1748 1142 1830 ὡς
1162 1749 1290 1837 ὤφελλε

115 1860 240 1918 θανεῖν
263 1852 300 1918 έν
324 1849 438 1937 χερσὶν
461 1852 588 1938 ἐμῇσιν.

205 1957 226 2034 ξ
250 1955 302 2018 89.
328 1956 490 2017 Verborum
505 1963 726 2016 contractorum
742 1953 900 2014 nonnullae
916 1954 1026 2015 formae
1043 1957 1072 2015 in
1087 1954 1208 2016 Homeri
1227 1972 1289 2014 car·

116 2054 248 2116 minibus
267 2062 393 2134 exstant,
417 2072 492 2134 quae
508 2061 540 2113 ut
559 2072 575 2112 a
594 2070 731 2113 sermone
751 2051 854 2112 lonum
873 2054 1100 2132 Atticorumque
1120 2053 1290 2132 abhorrent,

116 2158 158 2216 ita
181 2152 309 2213 aeolicae
333 2150 459 2211 dialecto
483 2159 623 2229 cognatae
646 2169 713 2212 esse
736 2147 887 2230 videntur,
911 2151 1013 2211 duales
1037 2143 1291 2230 dinumerentur

115 2244 355 2333 προσαυδήτην
371 2249 400 2308 Λ
417 2246 488 2309 136.
516 2251 545 2310 Χ
556 2247 610 2323 tto,
634 2249 675 2308 M
686 2246 761 2327 266,
785 2241 932 2328 συλήτην
955 2250 993 2309 Ν
1013 2246 1087 2329 202,
1110 2240 1292 2327 ἀπειλήτην
1377 2294 1382 2303 .

116 2350 136 2409 λ
160 2345 235 2427 313,
259 2336 469 2425 συναντήτην
492 2364 516 2406 π
535 2344 608 2426 333,
629 2355 659 2407 et
678 2348 838 2406 inlinitiros
862 2337 1024 2427 ἀλήμεναι
1044 2348 1074 2407 Ε
1092 2344 1166 2408 823.
1189 2347 1223 2406 Σ
1241 2343 1291 2426 itt,

116 2438 301 2524 καλήμεναι
325 2443 358 2503 Κ
383 2440 456 2522 125,
479 2438 639 2523 γοήμεναι
667 2439 696 2511 Ξ
717 2440 791 2523 502,
815 2435 1004 2522 φορήμεναι
1029 2443 1057 2503 0
1081 2440 1155 2521 310,
1179 2435 1291 2523 τερσή-

116 2562 217 2622 μεναι
243 2543 272 2600 i'
290 2538 343 2620 98,
366 2532 546 2620 φιλήμεναι
571 2542 603 2601 Χ
621 2538 699 2621 265,
722 2533 915 2621 ποθήμεναι
938 2561 961 2621 μ
987 2539 1059 2620 110,
1082 2532 1292 2620 πενθήμεναι

118 2637 233 2702 σ174.
252 2660 270 2700 τ
291 2636 363 2718 120,
385 2631 582 2718 πεινήμεναι
618 2660 639 2699 υ
679 2637 755 2719 137,
792 2629 957 2719 ἀρήμεναι
995 2659 1013 2719 χ
1047 2634 1127 2717 322,
1164 2654 1292 2715 quorum

117 2739 155 2799 ad
169 2737 332 2815 analogiam
352 2731 528 2816 τιθήμεναι
554 2737 592 2797 Ψ
605 2735 656 2799 83.
674 2736 738 2799 247
756 2738 857 2797 lictum
877 2755 942 2796 esse
957 2736 1085 2798 videtur.
1103 2734 1292 2795 triverorum

118 2837 309 2915 graecitatem
329 2835 382 2896 bas
402 2835 511 2896 formas
530 2855 596 2897 esse
615 2835 795 2898 revocandas
810 2834 878 2894 inde
894 2843 983 2915 patet,
1007 2833 1086 2914 quod
1106 2842 1135 2894 et
1153 2834 1293 2892 intinitiri

13 2977 17 2983 ·
118 2935 291 2995 terminatio
309 2952 406 3013 μεναι
426 2941 456 2993 et
475 2952 548 2994 usus
568 2934 662 2996 dualis
677 2938 734 2995 iam
750 2932 869 2992 Homeri
891 2932 1075 3012 temporibus
1095 2933 1205 2992 sensim
1225 2930 1293 2990 abe·

117 3032 232 3092 lescere
248 3039 419 3110 coeperunt.
453 3030 593 3092 Eiusdem
613 3041 712 3094 antem
728 3032 935 3093 declinationis
954 3042 1024 3093 sunt
1039 3030 1167 3092 aeolicae
1183 3030 1293 3089 iormae

118 3122 243 3209 κάλημι
258 3124 391 3209 (Sappho
409 3125 436 3207 1,
453 3120 712 3209 idydcvvteupr
730 3125 804 3210 (dle.
822 3129 872 3210 18,
893 3128 935 3211 l),
956 3122 1135 3210 φορήμεθα
1151 3124 1226 3210 (blo.
1244 3128 1294 3206 18,

118 3224 166 3309 4),
180 3228 296 3305 αῖνημι
311 3224 394 3305 (Hes.
409 3245 456 3305 op.
471 3223 560 3307 883),
575 3226 753 3305 quibuscum
769 3227 900 3307 Curtius,
915 3226 1043 3288 Verbum
1060 3221 1085 3284 Ι1
1100 3222 1174 3305 353,
1190 3225 1295 3285 latinas

121 3325 232 3384 lormas
264 3316 417 3381 ‘docemus
450 3322 558 3382 docent
586 3321 745 3386 docemini'
774 3325 849 3386 bene
879 3327 1054 3405 composuit.
1101 3323 1197 3402 Atque
1226 3323 1294 3382 reli-

121 3423 207 3501 quias
234 3419 299 3479 illas
327 3421 436 3480 veteris
464 3419 509 3480 vel
536 3419 663 3482 aeolicae
691 3423 808 3503 linguae
837 3443 923 3484 neme
953 3443 1043 3495 sanus
1067 3422 1189 3483 Homeri
1212 3431 1294 3483 textu

122 3518 270 3598 expellere
290 3516 419 3597 audebit,
443 3517 513 3579 licet
531 3518 608 3580 idern
628 3528 715 3600 poeta
733 3515 908 3600 προσηύδα
928 3520 1028 3601 φοίτα
1047 3514 1132 3581 σύλα
1152 3511 1296 3591 ἀπειλεῖς

122 3609 285 3677 ἀπειλεῖτε
313 3611 446 3694 φορέεις
470 3612 654 3696 φορέουσιν
678 3611 815 3697 γοάοιεν
838 3619 1033 3680 πενθείετον
1057 3616 1163 3678 sinrllia
1188 3618 1297 3677 dixerit

122 3724 154 3775 et
177 3714 285 3774 vocalis
309 3733 329 3793 η
355 3713 470 3775 illarum
494 3714 656 3775 formarum
679 3716 827 3796 qrromodo
850 3717 1022 3796 explicanda
1042 3719 1089 3795 sit,
1113 3716 1296 3793 grammatici

122 3813 219 3874 adbuc
247 3811 371 3890 litigent.
419 3811 525 3873 Verum
554 3816 768 3876 inconstantiae
796 3817 909 3876 crimen
937 3832 1043 3875 vereor
1070 3832 1107 3872 ne
1137 3815 1297 3894 incurram,

130 3944 337 3953 ..-.-—-———--

215 4014 240 4079 1)
259 4010 431 4081 Theognidis
450 4014 507 4066 tres
524 4011 658 4066 infinitivi
677 4014 832 4084 proesentis
851 4011 985 4082 temporis
1004 4011 1034 4065 in
1053 4029 1120 4081 εμεν
1140 4007 1251 4081 (ἐχέμεν
1271 4029 1297 4066 v.

123 4102 185 4163 924,
204 4090 339 4162 δειδέμεν
358 4113 384 4148 v.
403 4099 465 4161 939,
483 4092 627 4162 πασχέμεν
646 4113 671 4150 v.
691 4096 772 4162 1009)
788 4111 883 4147 carues
898 4095 964 4146 onte
981 4092 1105 4146 reeuleur
1123 4093 1297 4162 ponticum,
1388 4130 1391 4135 -

122 4175 171 4228 sed
194 4173 301 4244 primus
324 4173 354 4226 in
378 4173 432 4226 line
456 4172 581 4242 distichi,
605 4190 659 4242 qno
684 4172 745 4228 loeo
769 4173 874 4229 voculis
893 4171 960 4226 elidi
980 4189 1034 4226 non
1053 4173 1155 4243 potuit.
1193 4173 1297 4228 l'ruudi

123 4258 218 4309 sutem
237 4253 385 4323 rhapsodis
408 4253 455 4306 vel
473 4252 564 4322 poetis
583 4254 670 4322 epicis
688 4254 778 4308 iorum
801 4251 955 4307 πεσέεσθαι
983 4260 1069 4307 1235.
1094 4258 1130 4306 M
1150 4259 1209 4308 107.
1238 4259 1298 4320 126,

126 4337 221 4388 Paeo
245 4333 331 4387 inisse
352 4332 476 4399 videtur,
499 4335 532 4387 ut
554 4331 666 4388 πεσέειν
692 4338 712 4387 Ζ
736 4339 778 4390 82.
803 4339 863 4388 307.
890 4336 920 4385 Ψ
938 4338 989 4387 695
1009 4351 1065 4387 non
1092 4335 1184 4387 minus
1213 4350 1297 4402 qrrum

125 4413 281 4469 πεσέεσθαι
300 4413 357 4467 dici
376 4427 459 4481 posse
477 4416 617 4481 putarent.

1033 4501 1085 4555 tn‘
