2984 5092
639 311 874 374 -118-

166 492 224 533 non
259 483 373 532 veteres
410 471 518 530 lornras
550 464 738 551 Ἀτρεέίδης
772 468 961 551 untertana
995 489 1211 532 revocaremus.
1259 471 1340 543 Quae

164 580 316 648 praeterea
341 569 492 630 Naucltius
517 572 637 648 scripsit
657 563 802 648 Πηνεϊός
818 561 968 648 Ἀλφεϊός
988 563 1172 650 &apperte
1187 560 1342 651 Ἀργεΐην

166 665 388 747 Καδμεΐωνες,
415 661 559 746 Πρόϊτος
583 686 630 747 11,
654 686 721 728 cnm
746 667 921 746 etymologia
944 685 1003 727 non
1028 668 1198 748 firmentur,
1224 670 1282 729 nisi
1310 672 1340 729 in

165 785 269 826 versus
292 765 423 826 clausula
447 765 640 844 comprobare
665 784 723 826 non
748 767 814 825 ausi
841 784 953 844 sumus,
976 767 1153 843 praesertim
1177 784 1248 827 cum
1271 785 1341 826 con·

165 875 257 924 tracta
283 864 374 923 111111
399 862 562 942 Καδμεῖοι
589 867 620 923 Δ
644 860 707 924 391
733 872 827 922 metro
853 862 980 923 stabilita
1006 866 1052 924 sit.

253 957 314 1034 ἕως
347 971 377 1022 11
407 957 489 1033 τέως
521 963 682 1021 1111111111
714 959 830 1020 duabus
864 960 1014 1022 vocalibus
1046 979 1193 1041 nusquam
1227 962 1340 1022 dixisse

164 1060 311 1120 llomerus
335 1060 459 1120 videtur.
506 1058 572 1137 0111,
592 1062 616 1119 11
641 1059 759 1119 codices
783 1058 876 1138 audis,
900 1069 1067 1137 repugnant
1090 1059 1147 1120 loci
1172 1060 1202 1120 P
1221 1056 1295 1121 727,
1319 1058 1341 1139 β

166 1156 237 1218 148.
267 1180 281 1219 ε
312 1155 383 1219 123.
408 1155 481 1218 386.
505 1178 525 1237 ρ
550 1155 623 1218 358.
647 1178 665 1217 ι
688 1154 762 1218 5311.
785 1176 806 1214 κ
829 1153 903 1217 348.
927 1176 945 1217 ο
969 1155 1187 1219 23111370.
1213 1177 1239 1217 ω
1266 1154 1340 1238 162,

164 1275 268 1317 omnes
296 1256 446 1316 Naualius
480 1254 606 1314 feliciter
639 1258 765 1334 sanavit,
798 1256 846 1315 cui
880 1273 915 1315 eo
947 1258 1041 1334 magis
1069 1254 1157 1315 fidem
1186 1254 1341 1336 babemus,

164 1354 242 1432 quod
259 1355 334 1414 duae
355 1352 469 1413 vocales
485 1352 587 1411 barum
607 1352 820 1430 particularum
834 1352 903 1412 olim
920 1352 1067 1432 digammo
1078 1353 1224 1414 discretae
1244 1363 1341 1416 erant

252 1447 387 1528 Θρέικες
415 1451 506 1510 luisse
537 1452 588 1529 qui
616 1449 752 1509 dicerent
775 1448 942 1528 Stephanus
967 1450 1154 1529 geographus
1178 1454 1341 1511 memoriae

164 1549 307 1629 prodidit:
335 1544 373 1611 τὸ
404 1542 543 1610 ἐθνικόν
567 1561 650 1626 φασι
674 1540 728 1606 nat
752 1542 887 1627 Θρέικες
909 1541 965 1608 καὶ
987 1547 1144 1627 θηλυκῶς
1167 1542 1340 1627 Θρέισσαι,

163 1667 250 1727 quarn
280 1657 409 1707 veterem
435 1648 558 1706 sormam
582 1647 690 1723 ionica,
718 1647 837 1724 opinor,
866 1645 1033 1707 litteratura
1057 1645 1257 1707 oblitteratam
1282 1645 1340 1708 tto

163 1748 237 1805 meri
266 1744 448 1805 carminibus
477 1744 607 1804 Naualio
636 1751 797 1821 praeeunte
825 1743 963 1804 omnibns
992 1743 1065 1804 locis
1095 1744 1128 1802 A
1155 1741 1231 1805 531.
1256 1745 1283 1804 Ζ
1309 1742 1338 1806 7.

164 1845 181 1903 Ι
206 1840 235 1903 5.
262 1841 311 1903 12.
337 1840 560 1903 11464410.
585 1838 659 1902 506.
683 1836 759 1900 518.
783 1842 814 1899 Λ
842 1838 916 1900 222.
945 1842 982 1901 Ν
1005 1840 1036 1902 4.
1060 1837 1134 1903 301.
1158 1838 1286 1910 111227.
1312 1844 1343 1903 Τ

162 1938 236 2002 485.
252 1940 284 1999 st
294 1938 359 2001 234
375 1942 501 2000 restitui.
539 1939 646 1998 Fraudi
661 1946 760 1996 autem
778 1937 928 1999 veteribus
944 1941 1145 2017 grammaticis
1160 1947 1190 1999 et
1204 1937 1338 2000 librariis

162 2040 230 2117 luit,
260 2038 337 2116 quod
371 2041 451 2098 iuxta
480 2038 589 2097 formas
617 2027 752 2115 Θρὲικες
778 2034 902 2116 Θρεΐκη
931 2034 1118 2117 Θρεῖκηθεν
1147 2038 1177 2096 11
1205 2035 1338 2097 Homero

162 2135 318 2216 Θρηίκιος
341 2135 481 2215 Θρηικίη
506 2138 692 2211 invenerunt,
717 2135 746 2192 in
771 2132 880 2210 qtribus
903 2135 1007 2194 lormis
1031 2133 1167 2194 similiter
1189 2142 1281 2214 atque
1304 2137 1337 2195 in

161 2225 333 2304 ἀθάνατος
364 2225 532 2312 ἀκάματος
565 2230 714 2311 Ζεφυρίη
747 2221 947 2308 ἠερέθονται
979 2222 1133 2311 ἠνεμόεις
1165 2234 1262 2309 prima
1299 2251 1337 2293 ex

162 2330 258 2391 tribus
283 2330 423 2391 brevibus
447 2330 566 2409 syllabis
590 2332 618 2389 vi
642 2330 759 2388 metrici
783 2331 861 2388 ictus
884 2328 1028 2409 producta
1052 2338 1106 2390 est.

248 2422 342 2501 θὲιος
365 2439 396 2489 11
420 2426 492 2501 δῖος
515 2431 554 2488 111
579 2426 767 2488 1111111111
792 2425 943 2505 distingui,
968 2437 1001 2487 ut
1024 2430 1107 2506 prius
1131 2445 1239 2488 nomen
1263 2438 1336 2509 tres,

160 2527 285 2586 alterum
309 2526 382 2586 duas
406 2525 531 2605 syllabas
555 2525 678 2605 expleat,
701 2533 787 2584 acute
806 2523 957 2584 Naucldus
981 2524 1135 2605 intellexit,
1157 2543 1248 2603 quam
1267 2544 1336 2586 sen·

160 2627 281 2684 tentiam
309 2634 343 2684 nt
370 2624 645 2703 comprobaremus,
673 2624 809 2699 inprimis
842 2624 879 2681 iis
909 2621 1043 2682 versibus
1068 2622 1192 2683 adducti
1219 2641 1337 2705 sumus,

160 2725 188 2781 in
218 2722 327 2801 quibus
350 2723 460 2783 θείοιο
489 2725 519 2780 11
551 2722 607 2780 stne
633 2739 736 2781 versus
760 2721 934 2782 collocatum
958 2729 1012 2800 111,
1036 2730 1071 2781 11
1094 2719 1123 2780 0
1145 2717 1190 2780 25
1213 2712 1337 2803 ἀζηχὴς

159 2810 265 2898 ὀδύνη
281 2810 499 2899 Ἡρακλεέἑος
522 2817 645 2878 θεΐοιο
670 2819 706 2878 11.
730 2818 750 2895 ξ
769 2814 820 2878 65.
858 2817 928 2877 lnde
947 2817 1113 2879 Nauckium
1132 2819 1221 2878 etiam
1241 2819 1270 2879 Β
1288 2818 1335 2881 22

160 2919 268 2975 variam
298 2916 454 2975 lectionem
483 2917 546 2975 cod.
571 2915 672 2976 Venet.
697 2918 728 2975 A
752 2907 987 2995 προσεφώνεεν
1012 2901 1112 2989 οὖλος
1126 2906 1278 2996 ’Όνειρος
1301 2927 1334 2979 11

158 3016 184 3071 θ
207 3010 271 3074 533
297 3010 368 3086 δῖος
392 3006 506 3086 ἀοιδός
526 3012 659 3090 vulgatae
679 3006 892 3091 προσεφώνεε
911 3014 1006 3085 θεῖος
1018 3005 1169 3092 Ὀνειρος
1187 3019 1218 3072 11
1236 3015 1334 3089 θεῖος

158 3101 272 3182 ἀοιδός
296 3112 511 3188 praeferentem
537 3120 658 3170 secutus
682 3130 756 3171 sum.

248 3208 337 3269 θεοί·
362 3212 387 3269 11
407 3208 554 3268 llomerus
578 3209 708 3269 diductis
733 3208 851 3288 syllabis
870 3202 964 3283 θὲϊος
983 3228 1101 3289 semper
1119 3214 1333 3292 pronuntiavit,

159 3309 286 3367 nominis
310 3306 453 3384 simplicis
476 3303 561 3367 θεοῦ
585 3306 709 3385 syllabas
735 3325 873 3384 umquam
897 3326 964 3367 cum
984 3310 1167 3368 contraxisse
1186 3327 1332 3388 perquam

159 3409 218 3465 veri
243 3404 386 3464 dissimile
410 3413 464 3463 est.
506 3403 590 3473 Quod
610 3403 763 3464 Bentleius
786 3423 854 3464 cum
879 3405 953 3465 beno
979 3407 1109 3484 vidisset,
1132 3408 1333 3469 inveteratum

158 3503 296 3562 mondum
330 3520 433 3561 versus
462 3503 493 3560 Α
524 3499 564 3562 18
597 3491 677 3579 ὑμῖν
710 3495 771 3580 μὲν
801 3496 876 3563 θεοὶ
905 3501 998 3563 dotav
1026 3507 1179 3581 ingeniose
1207 3504 1332 3567 sustulit

158 3601 315 3661 scribendo
341 3592 422 3679 ὔμμι
446 3593 522 3661 θεοὶ
546 3593 607 3678 μὲν
631 3596 739 3675 δοῖεν,
764 3620 850 3678 (ynam
875 3600 1111 3661 emendationem
1135 3601 1273 3679 equidem
1299 3605 1332 3663 in

156 3708 269 3758 textum
299 3701 411 3776 recepi,
441 3698 510 3758 licet
539 3696 626 3775 paulo
658 3697 806 3757 difficilior
835 3702 873 3758 sit
906 3699 941 3758 ad
975 3698 1191 3759 emendandum
1223 3718 1332 3763 versus

157 3796 303 3875 Odysseae
339 3792 355 3869 ξ
387 3794 451 3857 251
487 3795 620 3856 θεοῖσίν
652 3814 685 3855 ιε
716 3789 822 3874 ῥέζειν
857 3789 1046 3876 (ῥεζὲμεναί
1070 3816 1105 3857 τε
1132 3799 1229 3871 θεοῖς
1250 3801 1332 3861 coni.

156 3890 222 3975 Na.)
246 3887 380 3955 αὐτοῖσί
399 3915 433 3955 ιε
457 3893 552 3954 δαῖτα
576 3884 749 3952 πένεσθαι.
1081 3886 1085 3892 ’

244 3985 355 4064 κόιλος
396 4002 456 4052 tres
489 3990 614 4071 syllabas
646 3990 784 4050 omnibus
817 3991 890 4051 locis
924 3992 1043 4072 explere
1079 4002 1200 4072 praeter
1234 4012 1332 4058 1111111

155 4089 302 4168 Odysseae
331 4111 349 4169 χ
378 4088 441 4151 385
470 4093 585 4168 primus
613 4091 727 4148 monuit
751 4088 788 4149 ll.
813 4089 959 4170 Hauptius
982 4094 1012 4152 in
1036 4091 1091 4154 llb.
1115 4091 1151 4152 Μ.
1176 4090 1229 4152 XX
1252 4090 1332 4157 304.

242 4183 371 4265 κρεάων
383 4182 624 4269 (κρειῶνοοάιΙ.)
632 4184 729 4247 aaut
739 4188 879 4248 audacter
889 4192 1086 4270 reposuimus,
1097 4192 1165 4269 quia
1176 4192 1206 4251 in
1218 4190 1334 4271 hymno

156 4286 244 4346 blorc.
264 4284 328 4347 130
347 4295 431 4345 retus
451 4286 543 4345 fornia
561 4279 693 4362 κρεάων
713 4289 865 4348 etiamtum
886 4297 1124 4348 11111111111111.
1162 4287 1203 4347 lle
1223 4289 1360 4371 soumis,

155 4382 290 4442 similiter
327 4384 502 4444 diducendis
535 4377 785 4463 naepoutese'og
812 4376 1007 4466 ‘Hpaxlefe't'
1042 4379 1159 4447 ausser·
1190 4380 1333 4464 oue'feog
