2984 5092
639 335 880 399 -180-

261 489 427 557 Πανθόου
456 490 618 565 (Πάνθου
646 491 746 579 codd.)
777 498 805 556 0
831 494 905 558 522.
934 496 964 555 P
987 492 1017 556 9.
1046 492 1098 557 23.
1122 492 1164 557 59
1187 495 1346 559 Beklterus

170 594 351 673 emendavit,
380 613 415 654 ne
445 597 508 655 sine
538 598 614 655 iusta
643 613 730 654 causa
759 594 814 654 alia
843 594 890 654 his
918 593 991 654 locis
1015 595 1143 655 nominis
1167 594 1263 656 lorma
1286 597 1345 656 cir·

170 693 369 752 cumlerrelur
392 702 481 772 atque
506 693 537 754 Γ
557 690 630 754 146.

257 787 340 862 νοῦς
372 789 486 851 coalitis
519 790 633 851 duabus
666 788 815 850 vocalibus
848 807 907 849 uno
936 788 1084 868 Odysseae
1113 808 1201 852 versu
1229 811 1250 850 ιι
1278 789 1347 853 240

170 885 292 966 legitur,
321 890 372 967 qui
401 891 473 967 quin
501 896 661 966 corruptus
689 890 741 965 sit,
769 887 907 966 equidem
936 905 995 947 non
1022 887 1135 948 dubito.
1181 887 1214 949 ln
1243 887 1345 949 iliadis

170 1002 257 1044 versu
281 986 314 1044 ld
342 982 407 1047 354
435 982 581 1065 φραδέος
610 979 695 1046 νόου
723 984 803 1066 ἔργα
831 980 980 1045 τέτυκται
1004 985 1149 1062 digamma
1173 986 1346 1065 neglectum

168 1082 284 1142 facilius
308 1101 396 1161 quam
419 1092 586 1144 contractas
611 1083 726 1143 vocales
751 1085 822 1143 lero.

257 1172 397 1260 χάλκεον
412 1190 442 1240 ct
457 1174 556 1254 έύξου
570 1190 776 1260 praeterquam
792 1184 822 1241 in
833 1181 864 1241 Β
873 1177 936 1241 387
949 1180 1073 1258 singulis
1083 1180 1157 1241 locis
1167 1184 1345 1244 novissimo·

168 1295 234 1337 rum
251 1281 416 1339 carminum
430 1278 528 1339 iliadis
538 1278 566 1338 Β
576 1276 647 1359 490Ι
657 1288 687 1339 et
697 1277 731 1337 K
737 1276 802 1340 373
817 1288 965 1339 extremas
980 1277 1105 1356 syllabas
1119 1287 1346 1343 contraxerunt.

168 1377 206 1434 nt
230 1378 401 1453 saepissime
426 1378 554 1436 nominis
578 1369 717 1456 χρύσεος
740 1387 791 1437 aut
813 1378 908 1455 prima
932 1373 1040 1454 syllaba
1064 1383 1200 1454 correpta
1224 1386 1348 1440 estant

168 1474 243 1533 duae
267 1476 449 1551 posteriores
473 1474 655 1534 coaluerunt.
692 1472 789 1533 Priori
807 1474 981 1552 sententiae,
1004 1472 1033 1531 id
1053 1472 1132 1551 quod
1152 1472 1240 1534 llocci
1257 1475 1347 1558 facio,

170 1589 241 1631 usus
256 1573 455 1648 posteriorum
470 1580 625 1651 poetarum
639 1573 793 1650 epicorum
809 1570 885 1629 lavet
899 1564 940 1650 (v.
950 1568 1053 1648 Lemo,
1069 1579 1183 1648 quaest.
1194 1590 1240 1651 cp.
1251 1571 1346 1657 263),

167 1668 258 1729 altera
282 1669 397 1729 duabus
422 1668 571 1729 vocalibus
595 1670 722 1728 nominis
741 1663 869 1752 χρυσέῳ
893 1669 924 1727 in
944 1684 1113 1728 mensuram
1134 1670 1223 1730 unius
1242 1670 1347 1735 brevis

170 1765 296 1845 syllabae
318 1768 445 1827 redactis
459 1769 489 1827 in
506 1786 593 1827 versu
609 1769 762 1827 notissimo
778 1760 905 1850 χρυσέῳ
921 1755 985 1825 ἀνὰ
1002 1757 1156 1848 σκήπτρῳ
1171 1761 1344 1832 ἐλλίσσετο

170 1857 296 1937 πάντας
317 1855 468 1944 Ἀχαιούς
491 1865 623 1925 adiuvari
647 1865 771 1924 videtur.
810 1862 847 1922 m
866 1863 945 1921 enim
964 1879 1053 1923 unam
1074 1863 1203 1925 vocalem
1224 1865 1345 1947 longam

168 1971 236 2022 ante
260 1962 389 2023 vocalem
413 1964 443 2023 in
468 1962 545 2022 thesi
568 1961 747 2042 corripiendi
772 1959 909 2020 libertate
933 1977 1020 2038 saepe
1044 1971 1147 2039 poetae
1169 1964 1346 2049 utebantur,

168 2063 206 2119 ita
235 2061 281 2118 vix
311 2079 452 2139 vrmquam
480 2063 511 2120 in
541 2060 656 2120 duabus
684 2058 834 2120 vocalibus
863 2058 990 2136 synizesi
1013 2056 1128 2118 coalitis
1151 2058 1227 2123 hanc
1250 2062 1345 2126 liber-

168 2165 258 2217 tatem
288 2158 344 2218 sibi
373 2176 545 2218 concessam
574 2177 639 2218 esse
667 2156 819 2235 putabant.
866 2155 923 2214 Sed
949 2156 1043 2215 satius
1066 2165 1112 2216 est
1134 2156 1190 2218 boc
1215 2159 1282 2222 loco
1306 2162 1346 2224 de

165 2258 336 2316 coniectura
356 2256 488 2316 scribere
507 2252 636 2338 χρυσέῳ
656 2244 699 2316 dv
715 2248 869 2337 σκήπτρῳ
885 2261 915 2311 et
930 2252 1067 2313 similiter
1083 2252 1115 2315 Γ
1126 2251 1189 2317 152
1204 2252 1343 2340 δένδρει

166 2347 327 2437 (δενδρέῳ
361 2351 462 2434 codd.)
496 2346 688 2434 ἐφεζόμενοι
721 2362 751 2412 ot
787 2371 804 2411 τ
838 2347 904 2411 230
938 2340 983 2422 ὡς
1011 2346 1046 2410 ol
1072 2346 1209 2432 χρύσεοι
1241 2347 1345 2433 ὄντες

165 2442 291 2532 (έόντες
325 2447 425 2533 codd.)
458 2469 611 2530 reponere.
668 2450 776 2510 Verum
809 2466 877 2508 cum
910 2450 940 2507 in
974 2447 1125 2510 veteribus
1157 2454 1370 2517 carminibus

164 2551 287 2609 istarum
330 2549 512 2627 corripiendi
548 2549 593 2609 vel
630 2547 824 2609 contrahendi
866 2544 984 2606 licentia
1021 2547 1115 2608 l'orma
1152 2551 1183 2609 in
1219 2550 1342 2632 longam

164 2646 293 2706 vocalem
333 2650 505 2708 exeuntium
542 2647 669 2707 admissa
711 2654 804 2718 esset,
842 2654 979 2705 auctores
1016 2663 1155 2707 versuum
1193 2649 1226 2709 Ω
1267 2650 1342 2715 101.

165 2745 191 2803 Ζ
216 2742 288 2805 220.
321 2745 355 2805 Σ
375 2742 449 2807 611.
482 2765 499 2804 τ
523 2742 567 2806 34
590 2747 677 2806 etiam
702 2745 862 2804 accusativi
890 2734 1213 2833 ypa'oegvcontracta
1241 2749 1341 2812 lorma

163 2845 211 2901 usi
234 2850 311 2903 snnl.

252 2939 361 3000 Neutra
392 2943 421 2999 in
450 2961 486 3013 ος
514 2949 543 2999 ct
571 2943 689 3000 nomina
718 2942 749 2999 in
772 2959 812 3019 ης
834 2959 867 3012 ες
890 2960 929 3013 υς
951 2961 973 3001 υ
996 2943 1055 3001 nisi
1077 2943 1124 3022 iis,
1148 2963 1223 3023 quos
1246 2966 1340 3026 pecu·

167 3037 269 3096 liarem
289 3040 509 3098 excusationem
529 3036 638 3097 habere
658 3056 748 3115 snpra
767 3036 787 3113 6
804 3035 867 3098 104
882 3038 1047 3118 docuimus,
1066 3039 1140 3101 locis
1153 3052 1340 3107 contractam

164 3136 286 3194 lormam
316 3154 476 3213 usurpasse
505 3154 563 3195 non
592 3136 744 3215 videntum
772 3153 829 3214 qua
857 3135 893 3196 de
918 3155 1005 3197 causa
1029 3139 1216 3218 corruptelae
1239 3146 1340 3222 suspi-

163 3235 278 3293 cionem
307 3246 426 3294 movcnt
454 3225 535 3295 ὑτταὶ
562 3232 672 3306 δείους
695 3231 728 3292 Κ
750 3230 828 3313 376,
852 3229 1001 3315 έυρρεῐος
1024 3244 1186 3315 ποταμοῖο
1212 3238 1240 3298 Ζ
1263 3238 1340 3303 508.

162 3327 191 3399 Ξ
211 3328 286 3391 433.
312 3331 341 3390 0
363 3328 437 3392 265.
465 3333 496 3391 Φ
516 3331 543 3394 1.
563 3331 596 3392 Ω
615 3329 689 3411 602,
712 3324 861 3411 θάρσευς
880 3331 909 3390 Ρ
924 3328 998 3414 573,
1022 3323 1096 3411 ἠύτ’
1118 3325 1216 3413 ὄρεος
1234 3336 1268 3397 Γ
1284 3337 1338 3418 10,

164 3419 315 3509 εὐεργέος
339 3430 372 3488 Π
397 3427 474 3509 743,
503 3423 604 3511 σάκεα
629 3431 663 3489 Δ
687 3427 766 3507 113,
797 3421 924 3508 στήθεα
949 3430 978 3489 Λ
1001 3429 1080 3510 282,
1104 3426 1184 3511 βέλη
1209 3432 1238 3493 0
1261 3434 1339 3519 444,

161 3527 273 3599 τιολεῐς
297 3527 327 3585 Λ
352 3525 429 3604 708,
457 3529 602 3600 τελεκεῑς
634 3520 817 3611 (uelandus)
851 3528 888 3586 Ψ
918 3524 997 3607 581,
1025 3518 1158 3607 άκληεῖς
1187 3531 1230 3591 Μ
1257 3531 1338 3614 318,

163 3621 321 3703 ζαχρειῶν
345 3626 376 3684 Ε
395 3621 470 3705 525,
494 3626 642 3706 ζαχρηεῖς
662 3626 704 3685 Μ
719 3622 792 3687 347.
817 3621 890 3685 360.
915 3624 952 3684 Ν
968 3622 1043 3706 684,
1067 3645 1141 3705 quae
1165 3636 1218 3689 aut
1236 3648 1338 3693 emen-

161 3721 228 3781 data
252 3724 282 3782 in
307 3732 389 3783 textu
414 3726 589 3803 scripsimus
612 3732 663 3783 ant
686 3722 833 3801 quomodo
858 3724 1039 3783 emendanda
1060 3734 1169 3806 essent,
1193 3728 1224 3785 in
1244 3728 1337 3791 adno-

163 3819 323 3879 tationibus
346 3823 525 3884 monuimus.
568 3824 643 3881 Ante
668 3819 798 3879 vocalem
822 3839 891 3879 vero
916 3819 1003 3881 elisas
1028 3820 1336 3891 1οειυοοδυσιιλεέέ1

152 3909 273 3996 ’Ἁργος
297 3919 324 3978 Β
351 3916 426 3981 115,
448 3921 470 3980 l
491 3919 545 3995 22,
569 3910 697 3980 dulcia?
724 3914 759 3978 έκ
783 3916 804 3978 δ
829 3916 901 3998 728,
924 3912 1030 3980 κλέέέ
1056 3911 1195 4002 ἀνδρῶν
1217 3923 1240 3982 I
1263 3924 1338 3988 189.

160 4010 226 4075 520
250 4035 317 4076 cum
342 4016 476 4077 Nauckio
498 4020 657 4079 restituere
682 4034 769 4094 quam
794 4016 930 4076 codicum
954 4017 1111 4078 lectionem
1136 4015 1282 4084 δυσκλέα
1307 4034 1337 4086 et

160 4108 238 4173 κλέα
261 4131 425 4192 propagare
449 4117 615 4177 maluimus.
653 4115 745 4173 Porro
770 4115 800 4173 in
823 4106 959 4176 τοσαῦτ’
982 4115 1054 4176 ἔτεα
1073 4116 1102 4176 Β
1121 4113 1196 4198 328,
1218 4113 1334 4199 χέονσ’

161 4209 237 4270 ε’ἰτεα
266 4212 294 4269 X
315 4209 371 4292 81,
399 4204 574 4293 ῳυνήσασ’
607 4211 685 4274 ἔπεα
709 4205 887 4292 πτερόεντα
914 4211 1017 4274 035.
1042 4212 1091 4276 89.
1117 4212 1190 4276 145.
1214 4216 1236 4295 β
1260 4218 1336 4284 269.

160 4326 175 4365 ε
201 4306 273 4369 117.
302 4329 322 4387 η
347 4306 421 4371 236.
449 4314 475 4370 θ
497 4310 571 4373 442.
599 4309 674 4372 460.
699 4333 719 4372 ν
742 4308 815 4372 290.
840 4320 864 4386 ψ
889 4309 933 4372 34
958 4321 1058 4373 utrum
1082 4322 1168 4391 poeta
1193 4314 1337 4394 digammi

160 4404 362 4467 delitescentis
383 4411 440 4468 vim
460 4408 623 4486 neglexerit
637 4428 672 4468 an
689 4407 805 4468 vocales
819 4412 1002 4471 contraxerit
1015 4429 1052 4470 an
1067 4411 1153 4472 aliter
1167 4416 1336 4480 orationem
