2984 5092
224 359 288 422 658
706 358 858 409 111111οΣ
876 358 902 408 x

222 515 354 602 κρουνόι
379 515 410 584 δ’
436 518 556 583 ἵκανον
578 516 781 605 καλλιρρόω,
807 522 893 584 ἔνθα
915 541 950 582 τε
973 521 1078 600 πηγαί

224 624 314 691 δοιαὶ
338 622 540 690 ἀναΐσσουσι
564 621 793 708 Σκαμάνδρου
816 621 997 707 δινήεντος.

221 725 242 814 ἢ
266 729 328 815 μὲν
350 729 413 816 γάρ
437 726 474 797 θ’
500 726 597 797 ὕδατι
621 733 724 821 λιαρῷ
748 731 852 813 ῥέθει,
876 724 962 813 άμφλ
986 727 1022 794 δὲ
1045 725 1170 805 καπνός

221 841 347 920 γίνεται
371 836 404 916 ἐξ
427 834 530 922 αὐτῆς
553 832 598 914 ὡς
621 840 651 902 εί
672 833 778 922 πυρός
801 823 1012 920 αἰθομένοιο·

221 938 242 1025 ἣ
267 939 297 1008 δ’
324 942 416 1027 ἑτέρη
440 944 537 1026 θέρει·
557 944 712 1026 προρέίει
735 950 886 1009 ίεέικυῖα
911 939 1032 1028 χαλάζῃ

220 1042 241 1132 ἢ
266 1049 353 1133 χιόνι
378 1052 487 1136 ψυχρῇ
511 1043 532 1133 ἢ
557 1051 590 1128 ἐξ
612 1047 735 1127 ὕδατος
758 1046 961 1137 κρυστάλλῳ.

224 1159 309 1220 ἔνθα
334 1153 364 1221 δ’
392 1153 441 1221 ἐπ’
467 1152 603 1221 αὐτάων
626 1154 748 1221 πλυνοὶ
772 1151 883 1240 εὐρέες
906 1151 1004 1238 ἐγγὺς
1027 1157 1121 1219 ἔασιν

220 1261 316 1328 καλοί
340 1266 482 1345 λαΐνεοι,
507 1257 565 1327 ὅθι
588 1266 727 1346 έείματα
751 1260 950 1345 σιγαλόεντα

220 1366 408 1435 πλύνεσκον
435 1366 560 1451 Τρώων
583 1365 700 1453 άλοχοι
723 1372 823 1433 καλαί
843 1392 877 1433 τε
900 1364 1068 1455 ψ’γατρες
1345 1389 1401 1437 155

220 1473 257 1539 τό
281 1475 361 1559 πρὶν
386 1471 436 1540 ἐπ’
461 1473 611 1560 εἰρήνης,
634 1474 714 1557 πρὶν
737 1476 851 1541 ἐλθεῖν
874 1467 950 1551 νίας
970 1470 1118 1557 Ἀχαιῶν.

221 1607 259 1667 τη
285 1582 327 1664 ῥα
349 1581 622 1666 παραδραμέτην,
647 1577 799 1666 φεύγων,
823 1575 842 1646 δ
867 1576 900 1645 δ’
927 1577 1049 1645 ὄπισθε
1073 1577 1217 1645 διώκων·

221 1685 350 1772 πρόσθε
373 1686 434 1772 μὲν
459 1683 581 1763 ἐσθλὸς
604 1690 738 1770 ἔφευγε,
762 1689 861 1752 δίωκε
885 1687 924 1753 δέ
945 1712 1003 1770 μιν
1025 1682 1098 1771 μέγ’
1124 1683 1290 1770 ἀμείνων,

221 1797 449 1878 καρπαλίμως,
474 1792 543 1859 ἐπεὶ
568 1790 629 1876 οὐχ
652 1790 780 1877 ίερήιον
805 1790 885 1859 οὐδὲ
907 1796 1022 1876 βοείην

220 1895 415 1983 ἀρνύσθην,
438 1896 460 1963 ά
482 1924 518 1965 τε
540 1897 662 1965 ποσσὶν
686 1896 806 1965 άέθλια
829 1904 955 1984 γίνεται
980 1893 1131 1981 άνδρών,
1344 1919 1401 1968 160

220 2003 303 2071 ἀλλά
328 2005 402 2089 περὶ
426 2008 534 2090 ψυχῆς
556 2006 662 2072 θέίον
685 2002 843 2088 Ἕκτορος
867 2004 1077 2088 ίπποδάμοιο.

221 2109 265 2191 ὡς
289 2109 321 2179 δ’
348 2108 396 2178 ὅτ’
422 2107 631 2197 άεθλοφόροι
654 2113 729 2196 περὶ
752 2114 895 2196 τέρματα
918 2109 1067 2196 μώνυχες
1090 2114 1184 2177 ἵπποι

220 2221 326 2304 ῥίμφα
350 2217 439 2303 μάλα
461 2221 627 2303 τρωχῶσι·
659 2216 697 2283 τὸ
722 2218 760 2283 δέ
783 2217 865 2302 μέγα
889 2229 992 2283 κεῖται
1016 2215 1158 2298 άεθλον,

219 2321 239 2410 ἢ
263 2330 378 2409 τρίπος
400 2321 438 2409 ἠὲ
462 2322 563 2408 γυνη,
586 2321 713 2407 ἀνδρὸς
735 2326 1020 2408 κατατεθνηῶτος·

219 2428 263 2509 όῗς
285 2429 330 2497 τὼ
354 2429 426 2513 τρίς
449 2427 617 2513 Πριάμοιο
641 2427 741 2509 πόλιν
764 2427 1028 2514 περιδινηθητην

219 2541 455 2621 καρπαλίμοισι
478 2533 625 2601 πόδεσσι.
672 2535 747 2601 θεολ
772 2532 804 2601 δ’
832 2537 864 2613 ἐς
886 2533 1007 2612 πάντες
1030 2532 1167 2621 ὁρῶντο.

220 2657 306 2710 τοῖσι
331 2642 367 2709 δὲ
391 2639 513 2726 μύθων
537 2632 616 2727 ἦρχε
640 2641 746 2727 πατὴρ
770 2638 906 2724 ἀνδρῶν
930 2666 964 2707 τε
987 2645 1081 2708 θεῶν
1103 2662 1151 2707 τε·

220 2746 272 2831 ,τό
297 2747 413 2823 πόποι,
438 2739 458 2832 ἦ
483 2753 584 2831 φίλον
608 2746 716 2833 άνδρα
741 2745 948 2831 διωκόμενον
971 2747 1046 2831 περὶ
1069 2761 1175 2834 τεῖχος

219 2853 448 2939 ὀφθαλμοῖσιν
473 2850 613 2938 ὁρῶμαι·
648 2852 728 2939 ἐμόν
754 2850 787 2919 δ’
815 2851 1017 2937 ὀλοφύρεται
1041 2845 1121 2937 ἦτορ

219 2958 393 3047 Ἕκτορος,
419 2957 455 3037 ὅς
478 2986 534 3044 μοι
558 2958 663 3026 πολλὰ
688 2965 779 3043 βοῶν
804 2959 855 3025 έπί
880 2958 971 3043 μηρί’
999 2965 1094 3043 ἔκιχεν
1343 2983 1397 3029 170

219 3065 311 3150 Ἴδης
335 3069 370 3132 ἐν
394 3070 561 3152 κορυφῇσι
585 3064 813 3150 πολυπτύχου.
837 3063 954 3132 όλλοτε
978 3062 1011 3131 δ’
1038 3057 1117 3131 αὖτε

219 3173 254 3236 έν
277 3169 371 3236 πόλει
395 3170 573 3258 ἀκροτάτη·
606 3174 669 3237 νῦν
694 3161 774 3237 αύτέ
794 3179 832 3236 λε
857 3174 929 3249 δῖος
950 3169 1113 3258 Ἀχιλλεύς

216 3278 321 3343 ίάστν
344 3278 418 3363 πέρι
443 3276 610 3362 Πριάμοιο
634 3276 733 3342 ποσὶν
755 3279 904 3361 ταχέεσσι
929 3277 1050 3346 διώκει.

218 3381 289 3450 ἀλλ’
317 3381 410 3468 άγετε
434 3383 615 3469 φράζεσθε,
638 3389 729 3460 θεοί,
753 3384 807 3448 καὶ
832 3383 1034 3469 μητιάασθε,

216 3487 257 3574 ἠέ
278 3516 335 3575 μιν
360 3492 394 3556 ἐκ
417 3487 582 3555 θανάτοιο
606 3489 796 3574 σαώσομεν,
822 3487 861 3575 ἠέ
882 3517 941 3576 μιν
963 3489 1028 3577 ἥδη
1340 3516 1393 3564 175

221 3600 367 3682 Πηλείδη
389 3591 511 3681 Ἀχιληι
536 3594 750 3681 δαμάσσομεν
775 3594 899 3662 ἐσθλὸν
924 3596 1053 3664 έόντα.“

292 3779 340 3825 155
360 3771 502 3826 ‹ziz-238
590 3779 719 3826 1502!
732 3779 783 3826 403
872 3778 1197 3828 1675111031410
1286 3783 1393 3831 1692

220 3855 456 3906 Νευε1114οο
531 3856 891 3906 171=s11830t2159
966 3857 1301 3910 174-6ο1.11131)-8.

290 4035 339 4083 147
361 4029 433 4083 ἔνθα
453 4049 481 4083 τε
502 4031 643 4084 Hermann
663 4032 697 4084 ad
718 4032 810 4099 hymn.
827 4031 894 4085 Ven.
910 4039 956 4085 ὅθι
978 4031 1051 4086 ἔνθα
1071 4032 1101 4086 δὲ
1123 4034 1201 4086 codd.
1273 4041 1324 4088 158
1345 4056 1393 4091 ex·

217 4111 291 4179 pulit
309 4109 419 4163 Bekker
435 4140 466 4147 -
483 4104 514 4161 έν
534 4105 619 4170 ἐνίοις
638 4112 729 4176 στίχος
747 4106 802 4163 ὑπὸ
822 4112 923 4164 τοῦτον
943 4110 1058 4179 φέρεται
1076 4107 1202 4180 εὐτελής·
1222 4109 1309 4183 φεῦγ’
1325 4114 1394 4181 υίὸς

218 4188 357 4259 Πριάμοιο
377 4191 461 4242 δίωκε
481 4186 512 4242 δέ
533 4191 593 4250 δῖος
610 4185 742 4257 Ἀχιλλεύς
761 4189 886 4243 schol.A
962 4199 1010 4244 1132
1031 4193 1146 4261 τέρμασι
1166 4191 1185 4243 C
1256 4200 1305 4247 163
1326 4217 1392 4263 τρο.

216 4267 300 4337 χόωσι
326 4271 412 4337 malm
436 4271 684 4340 utscriptumest
707 4277 802 4335 0451,
827 4272 977 4323 01111287
1059 4279 1107 4324 165
1127 4272 1189 4337 περὶ
1209 4274 1289 4336 (corr.
1310 4276 1393 4343 πέρι)
1474 4318 1479 4325 .

216 4352 311 4402 MA
401 4356 449 4403 166
469 4345 497 4401 δ’
519 4346 547 4410 ές
565 4351 601 4402 A:
621 4349 654 4402 δέ
674 4350 742 4402 τεῦ
779 4349 809 4402 δὲ
833 4352 854 4401 Ι)
939 4351 1391 4409 107-207‹lanu-1211.Bernhardt

219 4434 266 4481 171
287 4426 317 4482 έν
337 4437 465 4496 κνημοῖσι
487 4428 509 4479 Ι)
586 4438 634 4483 172
656 4427 668 4483 ί
689 4450 743 4482 οιο.
763 4434 794 4485 Α.
