2984 5092
624 204 660 212 -
715 168 773 231 1313

198 330 279 414 δᾶερ
317 328 407 412 ἐμεῖο
439 327 543 404 κυνός
573 322 807 411 κακομηχάνοο
841 321 1091 413 (κακομηχάνου
1122 319 1193 411 ὀκρ.
1227 324 1378 412 οοδδ.)1

366 423 549 509 κρυοέσσης
574 424 615 510 (Ζ
640 420 734 510 344)·

199 519 236 600 ὃς
263 522 411 607 πολέμου
439 526 552 608 ἔραται
581 523 755 605 ἐπιδημίοο
780 521 973 608 (ἐπιδημίου
994 545 1045 607 κρ.
1068 519 1169 608 codd.)
1193 517 1332 607 κρυόεν·
1354 559 1378 567 -

367 645 423 698 τος
446 620 482 706 (Ι
503 619 574 707 64)·

200 721 292 804 δῶρα
319 713 397 803 παρ’
427 716 554 784 Αλόλοο
579 714 723 803 (Αἰόλου
751 719 850 802 codd.)
878 714 1104 804 μεγαλήτορος
1127 713 1334 784 Ἱπποτάδαο
1374 754 1378 763 ·

369 816 403 905 (κ
427 819 478 883 36.
503 818 554 883 60.
578 842 601 901 μ
624 815 713 904 493).

155 921 244 1000 'lalpa
272 923 352 981 enim
380 922 497 980 caecior
525 927 617 999 esset,
645 921 697 998 qni
725 938 793 978 cum
822 921 877 979 riri
906 918 1064 979 clarissimi
1092 921 1186 980 lacem
1210 929 1335 999 praetu-

154 1021 267 1101 lissent,
290 1038 360 1080 casu
385 1020 495 1080 iactum
520 1036 585 1078 esse
610 1019 792 1099 opinaretur,
817 1026 850 1077 ut
872 1016 939 1096 plns
960 1019 1063 1095 viginti
1083 1017 1222 1079 versibus
1242 1020 1333 1079 resti·

157 1125 219 1177 tuta
256 1126 357 1177 vetere
394 1116 442 1177 illa
480 1118 572 1176 torma
610 1134 803 1181 numerorum
841 1124 871 1175 et
903 1117 1046 1179 orationis
1079 1118 1148 1176 vitia
1182 1118 1342 1177 removeri

158 1224 286 1293 possent.
297 1210 319 1296 ¹)
366 1215 468 1294 Neque
497 1213 624 1275 multum
652 1223 784 1275 mutatur
812 1215 919 1275 horum
948 1217 1154 1294 genetivorum
1177 1233 1285 1296 eausa,
1308 1218 1338 1277 si

157 1331 224 1372 cum
244 1311 384 1393 llartelio,
408 1312 493 1373 Hom.
513 1313 595 1373 Stud.
620 1312 658 1372 ill
684 1311 734 1393 tt),
758 1312 875 1390 plenam
898 1315 1028 1391 genetivi
1051 1313 1175 1373 formam
1200 1332 1255 1373 οιο
1275 1312 1338 1374 illis

156 1409 229 1469 locis
253 1413 392 1471 restituas
420 1414 544 1490 sitisque
573 1413 702 1490 priorem
734 1409 872 1490 syllabam
907 1409 1043 1471 similiter
1075 1420 1164 1490 atque
1198 1412 1229 1471 in
1264 1400 1334 1473 οἶδ’

157 1497 280 1587 άρετήν
313 1495 385 1581 οἷός
418 1506 489 1570 ἐσσι
520 1510 557 1570 Ν
581 1506 647 1570 275
676 1508 720 1568 rel
748 1515 838 1580 τοῖος
866 1498 930 1569 ἐάν
960 1494 1030 1581 οἷος
1059 1499 1101 1568 οὔ
1128 1529 1178 1581 τις
1206 1508 1241 1569 Σ
1272 1506 1333 1569 105

157 1609 268 1685 corripi
288 1607 387 1668 duras.
425 1607 497 1668 Nam
516 1616 619 1686 poetae
635 1617 727 1667 artem
744 1609 774 1667 in
789 1607 835 1665 his
850 1625 969 1685 ηιιοηιιο
984 1605 1074 1666 rebus
1089 1608 1333 1684 pronuntiatione

158 1704 237 1782 urlgi
261 1705 390 1766 adiutam
414 1725 480 1766 esse
499 1708 563 1784 ipse
583 1704 732 1766 llartelius
756 1705 872 1784 docuit;
897 1723 954 1783 qua
979 1704 1015 1764 de
1039 1722 1140 1784 causa,
1165 1707 1191 1766 si
1211 1705 1334 1765 llomcri
1370 1744 1376 1757 ·

158 1810 252 1863 aetate
276 1802 453 1884 Smyrnaeos
476 1806 611 1883 genetivo
636 1824 688 1864 οιο
712 1806 756 1863 uti
785 1802 915 1863 ttondum
944 1820 1068 1881 prorsus
1095 1802 1222 1864 desiisse
1252 1810 1334 1864 recte

159 1902 326 1983 statuimus,
351 1903 421 1982 quid
445 1912 491 1963 est
514 1921 628 1982 cotrsac,
652 1920 706 1963 cur
731 1920 789 1960 non
809 1900 970 1960 llomerum
993 1919 1029 1960 ex
1053 1901 1216 1962 eorundem
1240 1901 1335 1961 honri·

161 2016 231 2058 num
260 2017 311 2059 ore
344 2000 470 2062 mediam
503 2018 621 2079 quoque
649 1999 729 2060 illam
761 1999 897 2080 lormam,
930 2018 967 2059 ex
995 2018 1052 2079 qua
1086 1998 1234 2077 vulgarem
1266 2019 1337 2061 con-

162 2099 305 2158 tractione
330 2107 427 2159 natam
451 2118 517 2159 esse
541 2107 670 2178 constat,
698 2099 850 2175 excepisse
874 2094 1036 2176 putemus?
1085 2097 1212 2157 Tantum
1241 2099 1337 2177 igitur

160 2195 256 2275 abest,
290 2205 322 2257 ut
350 2199 512 2258 inveterata
540 2197 676 2258 codicum
704 2197 810 2257 menda
839 2196 993 2256 delendam
1024 2204 1075 2256 aut
1105 2197 1259 2274 genetiros
1283 2196 1337 2258 οἵο

160 2295 259 2372 potius
284 2314 372 2373 quam
396 2316 434 2357 οο
459 2295 659 2356 restituendos
683 2313 749 2354 esse
768 2313 914 2375 censeam,
938 2302 972 2354 ut
990 2296 1078 2355 ctiam
1102 2293 1166 2353 aliis
1190 2302 1220 2354 et
1242 2293 1338 2372 pluri·

161 2391 216 2451 tus
240 2392 313 2452 locis
337 2413 529 2456 numerorum
554 2393 684 2454 salebras
700 2412 715 2453 a
735 2391 849 2452 ratibus
868 2400 898 2452 et
915 2390 1070 2470 rhapsodis
1090 2393 1220 2470 antiquis
1238 2392 1339 2453 media

160 2493 215 2550 ista
240 2492 333 2552 forma
357 2492 523 2555 sublevatas
547 2512 612 2553 esse.
637 2493 780 2569 suspicer.
827 2489 935 2549 Verum
959 2508 996 2549 nc
1021 2491 1196 2550 temeritatis
1220 2492 1338 2551 crimen

160 2592 359 2670 incurrerem,
390 2592 420 2650 in
451 2590 638 2651 adnotatione
662 2588 839 2657 medicinam
870 2587 1060 2665 suppeditare
1084 2606 1173 2667 quam
1197 2590 1227 2648 in
1252 2596 1338 2650 textu

161 2687 313 2747 ernendate
339 2687 470 2747 scribere
495 2687 597 2767 malui,
620 2685 700 2746 relut

206 2775 247 2845 δν
272 2776 303 2845 δ’
325 2770 369 2845 αὖ
389 2776 495 2863 δήμοό
515 2775 543 2843 τ’
566 2776 674 2863 ι’λνδρα
693 2781 783 2844 attor
802 2776 956 2863 βοόωντά
975 2773 1004 2842 τ’
1027 2776 1164 2863 ἐφεύροι
1183 2778 1227 2864 (Β
1249 2780 1340 2867 lati·

207 2880 276 2961 γνῶ
301 2875 337 2942 δὲ
361 2875 484 2962 κλήροο
509 2880 596 2962 σήμα
619 2874 737 2954 trodo,
760 2873 890 2961 γήθησε
915 2875 951 2943 δὲ
974 2878 1074 2967 θυμῷ
1098 2876 1151 2963 (H
1172 2878 1266 2964 189)-

207 2966 266 3060 ήεν
290 2970 497 3059 ἀνήνασθαι,
521 2970 644 3060 χαλεπή
669 2969 702 3040 δ’
729 2976 780 3058 ἔχε
805 2972 912 3059 δήμου
937 2977 1040 3059 φήμις
1063 2974 1095 3062 (ξ
1119 2974 1214 3062 2311)·

205 3069 384 3158 Ἀτρεΐδης·
406 3068 451 3137 τιὸ
476 3068 507 3138 δ’
533 3063 605 3137 αὖτ’
633 3073 667 3138 ἐκ
691 3074 813 3158 δίφρου
838 3072 1069 3157 γουναζέσθην
1093 3072 1139 3161 (Λ
1166 3074 1253 3160 130).

164 3178 221 3238 Sed
246 3195 282 3237 nc
307 3176 423 3255 longius
447 3179 520 3236 lines
546 3176 633 3236 liuius
656 3177 783 3255 genetivi
808 3177 942 3253 proferas
960 3184 998 3251 et,
1019 3175 1189 3255 ubicunque
1209 3185 1339 3238 metrum

165 3296 222 3337 non
247 3274 352 3354 obstat,
376 3295 414 3335 οο
439 3277 538 3353 potius
562 3292 649 3353 quam
674 3294 714 3334 ου
738 3272 929 3334 scribendum
953 3292 1018 3334 csse
1042 3293 1173 3354 censeas,
1197 3277 1339 3335 maiorem

164 3393 269 3435 moneo
289 3392 354 3433 csse
375 3391 531 3432 numerum
552 3391 655 3432 eorum
674 3374 879 3451 genetirorum
895 3376 924 3433 in
940 3393 991 3452 ov,
1011 3374 1074 3453 uui,
1090 3391 1158 3433 cum
1173 3373 1204 3432 in
1218 3375 1277 3433 arsi
1293 3373 1341 3434 rel

165 3473 260 3533 ultimi
284 3470 368 3550 pedis
394 3471 470 3531 tltesi
493 3480 660 3549 occmrant,
684 3469 765 3530 nullo
788 3470 875 3530 modo
899 3470 1024 3531 convelli
1048 3472 1171 3549 possint.
1203 3469 1245 3529 Ne
1266 3469 1338 3531 illud

166 3570 299 3650 «pridem,
328 3568 406 3647 ηιιοιΙ
432 3567 594 3629 dlnensius
621 3572 840 3649 grammaticam
869 3570 1061 3629 ostensionem
1090 3587 1193 3629 versus
1219 3568 1251 3629 Φ
1274 3564 1342 3631 295

294 3659 374 3744 πρὶν
396 3656 477 3725 κατά
499 3657 618 3746 Ἰλιόφι
642 3660 744 3729 κλυτὰ
768 3660 884 3746 τεύχεα
907 3659 991 3727 λαόν
1014 3661 1124 3727 ἐέλσαι

168 3768 306 3827 restituto
332 3772 447 3824 vetusto
471 3768 606 3843 genetivo
627 3757 725 3826 Ἰλίοο
746 3764 954 3825 removendam
977 3783 1043 3825 esse
1063 3766 1188 3843 censuit,
1212 3769 1251 3825 ita
1272 3784 1341 3844 pro-
1359 3832 1372 3859 ὁ

167 3865 237 3925 itare
261 3881 351 3923 atrsus
375 3881 454 3941 sum,
482 3872 516 3923 ut
545 3863 682 3923 traditam
710 3861 867 3922 lectionem
892 3853 1011 3941 Ἰλιόφι
1040 3869 1122 3922 testu
1150 3862 1342 3941 expellerem.

169 3964 263 4041 fitque
287 3962 385 4021 minus
409 3962 500 4020 ctiam
522 3960 637 4020 facilem
661 3963 705 4019 vir
729 3960 912 4020 clarissimus
940 3979 986 4018 me
1015 3961 1138 4039 irn'enit,
1167 3959 1246 4038 qrrod
1270 3978 1343 4038 qua-

168 4069 235 4119 tuor
254 4058 326 4118 locis
347 4058 375 4115 Θ
394 4054 467 4119 561.
492 4057 525 4117 Κ
544 4056 592 4119 12.
617 4057 654 4118 Ν
670 4055 743 4119 319.
762 4061 788 4119 θ
807 4058 868 4120 581
891 4058 1027 4119 codicum
1048 4057 1204 4118 lectionem
1220 4049 1344 4118 Ἰλιόθι

258 4187 284 4252 1)
305 4155 397 4239 Dubia
425 4200 492 4239 vero
520 4186 565 4237 est
596 4202 680 4239 causa
707 4204 803 4241 versus
829 4187 952 4257 catalogi
976 4192 997 4239 B
1022 4183 1071 4240 ⁷31
1094 4181 1253 4252 Ἀσκληαλοο
1277 4180 1344 4254 delo,

169 4265 301 4333 quoniam
321 4268 386 4319 ante
405 4263 531 4319 litteram
550 4268 656 4319 mutam
675 4283 737 4321 raro
757 4265 861 4321 vocalis
879 4265 971 4321 brevis
990 4266 1046 4320 vim
1066 4266 1167 4334 longao
1186 4264 1304 4320 obtinet.
