2962 5070
601 323 752 372 ΙΛΙΑΔΟΣ
771 322 812 372 111

119 481 237 560 ἀνδρός
260 504 295 546 τε
319 484 478 561 προτέρου
502 484 553 546 καὶ
575 482 704 548 ἰάςτεος
727 484 783 562 ήδέ
807 486 939 564 τοκήων.

120 588 231 652 αὐτίκα
254 588 283 652 δ’
305 589 472 673 ἀργεννῇςι
496 593 703 669 καλυψαμένη
727 590 875 673 ὀθόνῃςιν

121 693 240 772 ὡρμάτ’
263 697 298 759 ἐκ
321 696 489 775 θαλάμοιο,
514 698 606 774 τέρεν
630 697 709 761 κατά
733 697 830 776 δάκρυ
855 700 1002 777 χέίουςα,

119 802 177 866 οὐκ
200 801 265 880 οἴη·
298 802 362 881 ἅμα
384 810 422 887 τῇ
446 825 482 880 γε
507 805 557 867 καί
581 802 759 883 ἀμφίπολοι
783 802 831 867 δύ’
855 805 983 869 ἕποντο.

121 908 230 988 [Αἴθρη
254 910 392 988 Πιτθῆος
416 909 556 989 θυγάτηρ
582 913 723 989 Κλυμένη
747 932 781 974 τε
808 913 949 991 βοῶπις]

119 1014 200 1093 αἶψα
223 1015 252 1079 δ’
275 1014 373 1080 ἔπειθ’
395 1017 508 1081 ἵκανον
531 1015 581 1083 όθι
605 1019 712 1082 (καιαὶ
735 1018 832 1081 πύλαι
856 1019 941 1097 ήςαν.

208 1123 238 1187 οί
262 1122 290 1185 δ’
313 1123 393 1203 ἀμφὶ
417 1124 564 1202 Πρίαμον
588 1126 638 1188 καὶ
661 1125 815 1189 Πάνθοον
839 1125 894 1202 ήδέ
920 1125 1079 1203 θυμοίτην

119 1231 252 1309 Λάμπον
275 1252 310 1294 τε
336 1231 468 1294 Κλυτίον
491 1230 519 1295 θ’
541 1231 700 1295 Ἱκετάονά
722 1231 750 1295 τ’
773 1231 849 1296 ὄζον
873 1229 1001 1310 Ἀρηος,

120 1339 313 1413 Οὐκαλέγων
336 1358 371 1401 τε
395 1339 445 1401 καὶ
469 1335 642 1418 Ἀντήνωρ,
666 1341 860 1417 πεπνυμένω
884 1336 994 1417 ἄμφω,

119 1446 206 1508 εἵατο
231 1445 464 1522 δημογέροντες
488 1444 540 1508 ἐπὶ
564 1446 687 1531 (καιῇςι
710 1448 856 1530 πύλῃςιν,

117 1553 211 1630 γήραϊ
234 1554 272 1630 δὴ
298 1552 453 1629 πολέμοιο
477 1555 689 1633 πεπαυμένοι,
713 1551 784 1617 ἀλλ’
807 1551 960 1631 ἀγορηταί

117 1659 235 1735 ἐςθλοί,
259 1658 426 1732 τεττίγεςςι
450 1658 640 1743 ίείοικότες,
663 1660 695 1723 οἰ
718 1680 751 1724 τε
776 1657 845 1723 καθ’
868 1659 948 1736 ύλην

117 1767 241 1842 δένδρει
265 1763 454 1844 ἐφεζόμενοι
478 1762 544 1828 όπα
568 1765 761 1843 λειριόεςςαν
784 1766 886 1829 ἱεῑςιν·

70 1912 72 1916 -
117 1877 199 1936 τοῖοι
223 1871 285 1950 ἄρα
309 1872 431 1950 Τρώων
454 1872 609 1950 ἡγήτορε(
632 1871 701 1950 ἧντ’
724 1873 776 1936 ἐπὶ
799 1873 921 1955 πύργῳ.

117 1981 147 2043 οἳ
172 1978 267 2042 δ’ὡς
292 1979 350 2042 ούν
374 1976 510 2043 ἐίίδονθ’
531 1978 661 2057 Ἑλένην
685 1981 737 2043 ἐπὶ
761 1981 886 2058 πύργον
910 1979 1032 2054 ίούςαν,

117 2092 195 2166 ἰήκα
219 2087 299 2164 πρὸς
323 2085 482 2165 ἀλλήλους
506 2088 604 2150 ίέπεα
628 2086 793 2165 πτερόεντ’
816 2085 988 2164 ἀγόρευον·

118 2195 182 2270 ,ού
206 2195 326 2272 νέμεςις
350 2193 462 2270 Τρῶας
486 2194 536 2256 καὶ
560 2194 748 2272 ἐυκνήμιδας
772 2192 917 2271 Ἀχαιούς

117 2299 215 2383 τοιῇδ’
239 2301 319 2379 ἀμφὶ
343 2300 466 2375 γυναικὶ
489 2301 593 2363 πολύν
617 2299 737 2379 χρόνον
761 2299 862 2376 ἀλγεα
886 2297 1031 2376 πάςχειν

117 2408 213 2471 αἰνῶς
237 2405 408 2488 ἀθανάτῃςι
432 2412 505 2489 θεῇς
530 2406 574 2469 εἰς
598 2404 671 2469 ὦπα
694 2408 840 2471 ἰέίοικεν.

118 2512 273 2577 ἀλλὰκαὶ
297 2511 353 2592 ὡς,
377 2512 447 2591 τοίη
472 2533 531 2590 περ
556 2511 647 2591 ἐοῦς’,
671 2514 707 2577 ἐν
731 2514 819 2591 νηυςί
842 2512 974 2590 νεέςθω,

117 2619 187 2699 μηδ’
210 2622 284 2699 ἡμῖν
307 2622 441 2685 τεκέεςςι
465 2618 492 2682 τ’
516 2618 633 2683 ὀπίςςω
657 2625 745 2699 πῆμα
770 2620 921 2684 λίποιτο.“

204 2727 248 2790 ιῖις
272 2726 322 2805 ἀρ’
345 2727 442 2806 ἔφαν,
466 2727 610 2805 Πρίαμος
636 2725 664 2789 δ’
685 2727 816 2805 Ἑλένην
839 2725 1027 2790 ἐκαλέςςατο
1052 2731 1159 2808 φωνῇ·

116 2838 234 2911 ,δεῦρο
259 2832 386 2912 πάροιθ’
408 2835 557 2911 ἐλθοθςα,
582 2834 680 2912 φίλον
703 2835 806 2910 τέκος,
829 2833 896 2897 ίζευ
921 2832 1022 2910 ἐμεῖο,

116 2940 203 3019 ὄφρα
226 2941 294 3022 ἰίδῃ
319 2940 478 3018 πρότερόν
501 2962 535 3004 τε
560 2940 651 3004 πόςιν
675 2942 777 3018 πηούς
801 2960 834 3004 τε
859 2939 974 3017 φίλους
997 2955 1046 3001 τε·

116 3048 154 3110 ού
177 3047 205 3109 τί
230 3069 281 3124 μοι
306 3047 387 3125 αἰτίη
411 3047 486 3111 ἐςςί·
519 3047 587 3111 θεοί
611 3048 649 3111 νύ
673 3068 725 3126 μοι
749 3046 842 3111 αἴτιοί
867 3045 955 3121 εἰςιν,

115 3156 147 3218 οί
170 3177 221 3233 μοι
245 3155 439 3234 έφώρμηςαν
462 3154 606 3232 πόλεμον
630 3155 835 3232 πολύδακρυν
859 3150 1008 3229 Ἀχαιῶν·

116 3262 160 3325 ὥς
183 3283 236 3340 μοι
261 3262 310 3325 καί
333 3260 421 3325 τόνδ’
445 3260 547 3340 ἄνδρα
571 3263 732 3341 πελώριον
756 3262 962 3341 ἐξονομήνῃς,

116 3368 152 3432 ὅς
176 3389 222 3432 τις
245 3366 295 3432 ὅδ’
318 3369 401 3432 ἐςτίν
426 3367 550 3446 Ἀχαιός
574 3368 654 3448 ἀνὴρ
678 3369 734 3447 ήύς
757 3389 792 3432 τε
817 3369 915 3446 μέγας
938 3386 982 3429 τε.

115 3477 134 3554 ἠ
158 3497 207 3539 τοι
231 3477 289 3553 μέν
313 3479 437 3559 κεφαλῇ
461 3477 511 3538 καὶ
535 3477 676 3553 μείζονες
700 3474 792 3539 ἄλλοι
816 3473 915 3537 ἐαςιν·

116 3583 216 3647 καλὸν
240 3581 268 3645 δ’
291 3582 376 3645 οὕτω
401 3583 486 3659 ἐγὼν
510 3583 548 3645 ού
573 3604 625 3645 πω
649 3581 737 3646 ίίδον
761 3581 985 3659 ὀφθαλμοῖςιν,

116 3688 185 3752 οὐδ’
208 3689 294 3753 ούτω
319 3689 470 3768 γεραρόν·
507 3693 627 3770 βαςιλήι
650 3689 711 3768 γὰρ
736 3687 826 3767 ἀνδρὶ
850 3688 1017 3751 ἰέίοικεν.“

203 3798 261 3860 τὸν
285 3794 313 3859 δ’
334 3795 443 3874 Ἑλένη
468 3797 608 3875 μύθοιςιν
631 3794 791 3875 ἀμείβετο,
815 3799 869 3858 δῖα
892 3797 1065 3870 γυναικῶν·

116 3902 259 3979 ,αἰδοῖός
282 3904 316 3966 τέ
341 3902 392 3981 μοί
416 3903 491 3979 ἐςςι,
515 3902 590 3981 φίλε
613 3904 736 3981 ἰεκυρέ,
761 3900 882 3966 δίεινός
906 3919 954 3964 τε·

187 4056 236 4103 143
253 4055 514 4116 =a331.a207‚
534 4050 791 4105 ef.13822.A413
831 4050 1036 4101 147=T238
1074 4051 1286 4101 155=52142

119 4133 205 4184 1⁴:274
281 4127 509 4184 167b=P226.
529 4134 628 4184 11221.

187 4259 238 4309 140
256 4252 403 4323 προτέροιο
423 4255 501 4310 codd.
603 4259 653 4308 144
672 4209 820 4308 άάετεῖται
840 4253 926 4308 schol.
946 4254 970 4306 A
1068 4259 1118 4307 147
1138 4269 1171 4307 ox
1195 4256 1286 4308 7³23ss

115 4334 225 4390 illatum
246 4335 403 4404 suspicatur
421 4334 620 4390 Friedlaender
638 4334 733 4388 Jahrb.
748 4335 767 4389 f.
782 4332 856 4388 Phil.
872 4333 968 4405 Suppl.
983 4333 1022 4388 III
1040 4340 1089 4388 821
1157 4340 1207 4389 152
1223 4333 1285 4390 (ἰέν-

117 4417 179 4484 δρει
198 4414 275 4472 Zona
300 4413 427 4489 δενδρέῳ
446 4412 519 4468 ACD
538 4417 585 4470 Ar.
660 4418 710 4469 155
730 4405 798 4484 ήκαε
823 4407 883 4470 ὦκα
902 4414 966 4471 Zen.
1040 4422 1090 4471 163
1110 4418 1171 4487 ἴδῃς
1190 4415 1219 4470 C.
