<?xml version="1.0" encoding="UTF-8"?>
<!DOCTYPE html PUBLIC "-//W3C//DTD XHTML 1.0 Transitional//EN"
    "http://www.w3.org/TR/xhtml1/DTD/xhtml1-transitional.dtd">
<html xmlns="http://www.w3.org/1999/xhtml" xml:lang="en" lang="en">
 <head>
  <title>
</title>
<meta http-equiv="Content-Type" content="text/html;charset=utf-8" />
  <meta name='ocr-system' content='tesseract 3.04.00' />
  <meta name='ocr-capabilities' content='ocr_page ocr_carea ocr_par ocr_line ocrx_word'/>
</head>
<body>
  <div class='ocr_page' id='page_1' title='image "./homeriiliadisca00homegoog_0119.png"; bbox 0 0 2984 5092; ppageno 0'>
   <div class='ocr_carea' id='block_1_1' title="bbox 621 330 862 392">
    <p class='ocr_par' dir='ltr' id='par_1_1' title="bbox 621 330 862 392">
     <span class='ocr_line' id='line_1_1' title="bbox 621 330 862 392; baseline 0.008 -2"><span class='ocrx_word' id='word_1_1' title='bbox 621 330 862 392; x_wconf 83' lang='lat'>-108—</span> 
     </span>
    </p>
   </div>
   <div class='ocr_carea' id='block_1_2' title="bbox 154 489 1337 4386">
    <p class='ocr_par' dir='ltr' id='par_1_2' title="bbox 157 489 1333 668">
     <span class='ocr_line' id='line_1_2' title="bbox 159 489 1333 573; baseline 0 -21"><span class='ocrx_word' id='word_1_2' title='bbox 159 495 197 552; x_wconf 90' lang='lat' dir='ltr'><strong>ita</strong></span> <span class='ocrx_word' id='word_1_3' title='bbox 221 492 253 552; x_wconf 85' lang='lat' dir='ltr'><strong>G.</strong></span> <span class='ocrx_word' id='word_1_4' title='bbox 278 492 399 553; x_wconf 82' lang='lat' dir='ltr'><strong>Curtius</strong></span> <span class='ocrx_word' id='word_1_5' title='bbox 424 491 508 551; x_wconf 92' lang='lat' dir='ltr'><strong>Verb.</strong></span> <span class='ocrx_word' id='word_1_6' title='bbox 533 491 557 551; x_wconf 98' lang='lat' dir='ltr'><strong>ll</strong></span> <span class='ocrx_word' id='word_1_7' title='bbox 585 489 646 552; x_wconf 79' lang='grc'><strong>133</strong></span> <span class='ocrx_word' id='word_1_8' title='bbox 670 491 839 572; x_wconf 81' lang='lat' dir='ltr'><strong>explicavit,</strong></span> <span class='ocrx_word' id='word_1_9' title='bbox 869 500 901 552; x_wconf 92' lang='lat' dir='ltr'><strong>ut</strong></span> <span class='ocrx_word' id='word_1_10' title='bbox 925 491 1054 552; x_wconf 77' lang='lat' dir='ltr'>vocalem</span> <span class='ocrx_word' id='word_1_11' title='bbox 1078 492 1195 571; x_wconf 77' lang='lat' dir='ltr'><strong>longam</strong></span> <span class='ocrx_word' id='word_1_12' title='bbox 1220 493 1249 551; x_wconf 92' lang='lat' dir='ltr'><strong>vi</strong></span> <span class='ocrx_word' id='word_1_13' title='bbox 1271 492 1333 573; x_wconf 87' lang='lat' dir='ltr'><strong>pri·</strong></span> 
     </span>
     <span class='ocr_line' id='line_1_3' title="bbox 157 588 929 668; baseline 0 -18"><span class='ocrx_word' id='word_1_14' title='bbox 157 592 250 650; x_wconf 87' lang='lat' dir='ltr'><strong>mitivi</strong></span> <span class='ocrx_word' id='word_1_15' title='bbox 273 589 412 668; x_wconf 86' lang='lat' dir='ltr'><strong>digammi</strong></span> <span class='ocrx_word' id='word_1_16' title='bbox 436 588 563 651; x_wconf 69' lang='grc' dir='ltr'><em>ἕσίοθα</em></span> <span class='ocrx_word' id='word_1_17' title='bbox 587 600 683 650; x_wconf 91' lang='lat' dir='ltr'><strong>natam</strong></span> <span class='ocrx_word' id='word_1_18' title='bbox 703 609 785 651; x_wconf 87' lang='lat' dir='ltr'><strong>essse</strong></span> <span class='ocrx_word' id='word_1_19' title='bbox 808 590 929 651; x_wconf 91' lang='lat' dir='ltr'><strong>diceret.</strong></span> 
     </span>
    </p>

    <p class='ocr_par' dir='ltr' id='par_1_3' title="bbox 156 680 1333 1338">
     <span class='ocr_line' id='line_1_4' title="bbox 246 680 1333 769; baseline 0 -21"><span class='ocrx_word' id='word_1_20' title='bbox 246 681 409 761; x_wconf 79' lang='grc' dir='ltr'><em>ἀσπάσιος</em></span> <span class='ocrx_word' id='word_1_21' title='bbox 431 698 462 749; x_wconf 93' lang='lat' dir='ltr'><strong>ct</strong></span> <span class='ocrx_word' id='word_1_22' title='bbox 484 680 654 761; x_wconf 74' lang='grc' dir='ltr'><em>ἀσπασίως</em></span> <span class='ocrx_word' id='word_1_23' title='bbox 677 686 799 769; x_wconf 63' lang='grc'>6233,</span> <span class='ocrx_word' id='word_1_24' title='bbox 823 688 1001 748; x_wconf 86' lang='lat' dir='ltr'><strong>adieclivum</strong></span> <span class='ocrx_word' id='word_1_25' title='bbox 1027 706 1081 766; x_wconf 84' lang='lat' dir='ltr'><strong>pre</strong></span> <span class='ocrx_word' id='word_1_26' title='bbox 1105 687 1248 748; x_wconf 89' lang='lat' dir='ltr'><strong>adverbio</strong></span> <span class='ocrx_word' id='word_1_27' title='bbox 1271 687 1333 749; x_wconf 90' lang='lat' dir='ltr'><strong>ele·</strong></span> 
     </span>
     <span class='ocr_line' id='line_1_5' title="bbox 157 784 1331 865; baseline 0.001 -18"><span class='ocrx_word' id='word_1_28' title='bbox 157 790 274 865; x_wconf 78' lang='lat' dir='ltr'><strong>gentius</strong></span> <span class='ocrx_word' id='word_1_29' title='bbox 310 789 440 865; x_wconf 86' lang='lat' dir='ltr'><strong>positum</strong></span> <span class='ocrx_word' id='word_1_30' title='bbox 477 787 532 846; x_wconf 90' lang='lat' dir='ltr'><strong>hoc</strong></span> <span class='ocrx_word' id='word_1_31' title='bbox 569 787 633 846; x_wconf 90' lang='lat' dir='ltr'><strong>loco</strong></span> <span class='ocrx_word' id='word_1_32' title='bbox 666 787 744 847; x_wconf 88' lang='lat' dir='ltr'><strong>haud</strong></span> <span class='ocrx_word' id='word_1_33' title='bbox 778 794 953 846; x_wconf 75' lang='lat' dir='ltr'><strong>cunctanter</strong></span> <span class='ocrx_word' id='word_1_34' title='bbox 985 786 1122 863; x_wconf 85' lang='lat' dir='ltr'><strong>praetuli.</strong></span> <span class='ocrx_word' id='word_1_35' title='bbox 1177 784 1262 847; x_wconf 89' lang='lat' dir='ltr'><strong>ldem</strong></span> <span class='ocrx_word' id='word_1_36' title='bbox 1295 806 1331 848; x_wconf 86' lang='lat' dir='ltr'><strong>ex</strong></span> 
     </span>
     <span class='ocr_line' id='line_1_6' title="bbox 156 881 1329 961; baseline 0.002 -17"><span class='ocrx_word' id='word_1_37' title='bbox 156 887 327 945; x_wconf 87' lang='lat' dir='ltr'><strong>coniectura</strong></span> <span class='ocrx_word' id='word_1_38' title='bbox 356 885 389 943; x_wconf 89' lang='grc' dir='ltr'><strong><em>Σ</em></strong></span> <span class='ocrx_word' id='word_1_39' title='bbox 414 882 479 945; x_wconf 91' lang='grc'><strong>270</strong></span> <span class='ocrx_word' id='word_1_40' title='bbox 510 884 728 945; x_wconf 88' lang='lat' dir='ltr'><strong>restituendum</strong></span> <span class='ocrx_word' id='word_1_41' title='bbox 757 901 823 943; x_wconf 88' lang='lat' dir='ltr'><strong>esse</strong></span> <span class='ocrx_word' id='word_1_42' title='bbox 851 892 953 943; x_wconf 88' lang='lat' dir='ltr'><strong>censet</strong></span> <span class='ocrx_word' id='word_1_43' title='bbox 977 881 1120 961; x_wconf 88' lang='lat' dir='ltr'><strong>Cobetus,</strong></span> <span class='ocrx_word' id='word_1_44' title='bbox 1149 884 1233 944; x_wconf 88' lang='lat' dir='ltr'><strong>misc.</strong></span> <span class='ocrx_word' id='word_1_45' title='bbox 1260 887 1329 947; x_wconf 82' lang='lat' dir='ltr'><strong>crit</strong></span> 
     </span>
     <span class='ocr_line' id='line_1_7' title="bbox 156 979 1330 1062; baseline 0.001 -20"><span class='ocrx_word' id='word_1_46' title='bbox 156 1003 184 1062; x_wconf 87' lang='lat' dir='ltr'><strong>p.</strong></span> <span class='ocrx_word' id='word_1_47' title='bbox 208 979 281 1062; x_wconf 96' lang='grc'>295,</span> <span class='ocrx_word' id='word_1_48' title='bbox 306 983 383 1061; x_wconf 82' lang='lat' dir='ltr'><strong>quod</strong></span> <span class='ocrx_word' id='word_1_49' title='bbox 409 984 567 1060; x_wconf 85' lang='lat' dir='ltr'><strong>quominus</strong></span> <span class='ocrx_word' id='word_1_50' title='bbox 591 1000 650 1041; x_wconf 90' lang='lat' dir='ltr'><strong>non</strong></span> <span class='ocrx_word' id='word_1_51' title='bbox 674 981 769 1042; x_wconf 89' lang='lat' dir='ltr'><strong>solnm</strong></span> <span class='ocrx_word' id='word_1_52' title='bbox 794 981 998 1060; x_wconf 80' lang='lat' dir='ltr'>probaremus,</span> <span class='ocrx_word' id='word_1_53' title='bbox 1022 980 1074 1041; x_wconf 89' lang='lat' dir='ltr'><strong>sed</strong></span> <span class='ocrx_word' id='word_1_54' title='bbox 1098 983 1189 1041; x_wconf 88' lang='lat' dir='ltr'><strong>etiam</strong></span> <span class='ocrx_word' id='word_1_55' title='bbox 1212 984 1244 1042; x_wconf 91' lang='lat' dir='ltr'><strong>in</strong></span> <span class='ocrx_word' id='word_1_56' title='bbox 1268 991 1330 1043; x_wconf 84' lang='lat' dir='ltr'><strong>tex·</strong></span> 
     </span>
     <span class='ocr_line' id='line_1_8' title="bbox 158 1069 1332 1162; baseline 0.002 -22"><span class='ocrx_word' id='word_1_57' title='bbox 158 1089 220 1141; x_wconf 91' lang='lat' dir='ltr'><strong>turn</strong></span> <span class='ocrx_word' id='word_1_58' title='bbox 250 1083 466 1162; x_wconf 87' lang='lat' dir='ltr'><strong>reciperemus,</strong></span> <span class='ocrx_word' id='word_1_59' title='bbox 498 1080 615 1140; x_wconf 86' lang='lat' dir='ltr'><strong>obstitit</strong></span> <span class='ocrx_word' id='word_1_60' title='bbox 646 1098 750 1140; x_wconf 88' lang='lat' dir='ltr'><strong>versus</strong></span> <span class='ocrx_word' id='word_1_61' title='bbox 777 1079 808 1139; x_wconf 85' lang='lat' dir='ltr'><em>T</em></span> <span class='ocrx_word' id='word_1_62' title='bbox 832 1078 873 1140; x_wconf 91' lang='grc'><strong>72</strong></span> <span class='ocrx_word' id='word_1_63' title='bbox 901 1069 1072 1152; x_wconf 78' lang='grc' dir='ltr'><em>ἀσπασίως</em></span> <span class='ocrx_word' id='word_1_64' title='bbox 1100 1070 1215 1140; x_wconf 76' lang='grc' dir='ltr'><em>αὐτῶν</em></span> <span class='ocrx_word' id='word_1_65' title='bbox 1242 1072 1332 1159; x_wconf 89' lang='grc' dir='ltr'><em>γόνυ</em></span> 
     </span>
     <span class='ocr_line' id='line_1_9' title="bbox 156 1175 1331 1258; baseline -0.001 -19"><span class='ocrx_word' id='word_1_66' title='bbox 156 1175 341 1258; x_wconf 75' lang='grc' dir='ltr'><em>καμψέμεν,</em></span> <span class='ocrx_word' id='word_1_67' title='bbox 373 1196 432 1256; x_wconf 85' lang='lat' dir='ltr'><strong>quo</strong></span> <span class='ocrx_word' id='word_1_68' title='bbox 464 1180 496 1238; x_wconf 93' lang='lat' dir='ltr'><strong>in</strong></span> <span class='ocrx_word' id='word_1_69' title='bbox 528 1197 614 1238; x_wconf 90' lang='lat' dir='ltr'><strong>versu</strong></span> <span class='ocrx_word' id='word_1_70' title='bbox 644 1178 752 1238; x_wconf 85' lang='lat' dir='ltr'><strong>vocalis</strong></span> <span class='ocrx_word' id='word_1_71' title='bbox 781 1199 807 1238; x_wconf 91' lang='grc' dir='ltr'><em>ω</em></span> <span class='ocrx_word' id='word_1_72' title='bbox 836 1186 932 1238; x_wconf 91' lang='lat' dir='ltr'><strong>metro</strong></span> <span class='ocrx_word' id='word_1_73' title='bbox 960 1179 986 1237; x_wconf 90' lang='lat' dir='ltr'><strong>si</strong></span> <span class='ocrx_word' id='word_1_74' title='bbox 1014 1195 1075 1237; x_wconf 91' lang='lat' dir='ltr'><strong>non</strong></span> <span class='ocrx_word' id='word_1_75' title='bbox 1103 1176 1268 1258; x_wconf 79' lang='lat' dir='ltr'><strong>flagitatur,</strong></span> <span class='ocrx_word' id='word_1_76' title='bbox 1301 1186 1331 1238; x_wconf 86' lang='lat' dir='ltr'><strong>at</strong></span> 
     </span>
     <span class='ocr_line' id='line_1_10' title="bbox 158 1275 512 1338; baseline -0.006 0"><span class='ocrx_word' id='word_1_77' title='bbox 158 1285 254 1338; x_wconf 87' lang='lat' dir='ltr'><strong>tamen</strong></span> <span class='ocrx_word' id='word_1_78' title='bbox 279 1275 512 1336; x_wconf 86' lang='lat' dir='ltr'><strong>commendatur.</strong></span> 
     </span>
    </p>

    <p class='ocr_par' dir='ltr' id='par_1_4' title="bbox 157 1362 1337 1942">
     <span class='ocr_line' id='line_1_11' title="bbox 245 1362 1332 1455; baseline 0.001 -21"><span class='ocrx_word' id='word_1_79' title='bbox 245 1365 401 1454; x_wconf 75' lang='grc' dir='ltr'><em>γεγωνώς</em></span> <span class='ocrx_word' id='word_1_80' title='bbox 425 1381 456 1433; x_wconf 86' lang='lat' dir='ltr'><strong>ct</strong></span> <span class='ocrx_word' id='word_1_81' title='bbox 478 1367 641 1452; x_wconf 88' lang='grc' dir='ltr'><em>γεγωνός,</em></span> <span class='ocrx_word' id='word_1_82' title='bbox 664 1365 709 1447; x_wconf 76' lang='grc' dir='ltr'><strong>ὥς</strong></span> <span class='ocrx_word' id='word_1_83' title='bbox 734 1365 786 1455; x_wconf 86' lang='grc' dir='ltr'><strong>(ὅς</strong></span> <span class='ocrx_word' id='word_1_84' title='bbox 808 1394 833 1434; x_wconf 91' lang='lat' dir='ltr'><strong>v.</strong></span> <span class='ocrx_word' id='word_1_85' title='bbox 858 1362 986 1455; x_wconf 82' lang='grc' dir='ltr'><strong>1.)ποτ’</strong></span> <span class='ocrx_word' id='word_1_86' title='bbox 1013 1368 1211 1453; x_wconf 78' lang='grc' dir='ltr'><strong><em>ἐπηπείλησε</em></strong></span> <span class='ocrx_word' id='word_1_87' title='bbox 1233 1370 1264 1443; x_wconf 76' lang='grc' dir='ltr'><strong>Ξ</strong></span> <span class='ocrx_word' id='word_1_88' title='bbox 1286 1372 1332 1435; x_wconf 89' lang='grc'><strong>45</strong></span> 
     </span>
     <span class='ocr_line' id='line_1_12' title="bbox 157 1461 1331 1553; baseline 0 -20"><span class='ocrx_word' id='word_1_89' title='bbox 157 1484 187 1533; x_wconf 88' lang='lat' dir='ltr'><strong>et</strong></span> <span class='ocrx_word' id='word_1_90' title='bbox 211 1464 248 1544; x_wconf 84' lang='grc' dir='ltr'><strong>ὅς</strong></span> <span class='ocrx_word' id='word_1_91' title='bbox 270 1463 331 1551; x_wconf 79' lang='grc' dir='ltr'><strong>(ὥς</strong></span> <span class='ocrx_word' id='word_1_92' title='bbox 355 1491 380 1531; x_wconf 89' lang='lat' dir='ltr'><strong>v.</strong></span> <span class='ocrx_word' id='word_1_93' title='bbox 404 1470 436 1553; x_wconf 82' lang='lat' dir='ltr'><strong>l.)</strong></span> <span class='ocrx_word' id='word_1_94' title='bbox 461 1490 497 1531; x_wconf 85' lang='grc' dir='ltr'><em>κε</em></span> <span class='ocrx_word' id='word_1_95' title='bbox 520 1464 647 1553; x_wconf 78' lang='grc' dir='ltr'><em>φάγῃσι</em></span> <span class='ocrx_word' id='word_1_96' title='bbox 674 1474 705 1533; x_wconf 89' lang='grc' dir='ltr'><em>Φ</em></span> <span class='ocrx_word' id='word_1_97' title='bbox 730 1471 807 1552; x_wconf 87' lang='grc'>127,</span> <span class='ocrx_word' id='word_1_98' title='bbox 836 1461 872 1543; x_wconf 83' lang='grc' dir='ltr'><strong>ὃς</strong></span> <span class='ocrx_word' id='word_1_99' title='bbox 896 1461 956 1552; x_wconf 79' lang='grc' dir='ltr'><strong>(ὡς</strong></span> <span class='ocrx_word' id='word_1_100' title='bbox 979 1490 1004 1531; x_wconf 89' lang='lat' dir='ltr'><strong>v.</strong></span> <span class='ocrx_word' id='word_1_101' title='bbox 1028 1468 1060 1550; x_wconf 90' lang='grc' dir='ltr'><strong>Ι.)</strong></span> <span class='ocrx_word' id='word_1_102' title='bbox 1083 1468 1178 1550; x_wconf 85' lang='grc' dir='ltr'><em>ἔτλης</em></span> <span class='ocrx_word' id='word_1_103' title='bbox 1201 1472 1235 1532; x_wconf 85' lang='grc' dir='ltr'><em>Χ</em></span> <span class='ocrx_word' id='word_1_104' title='bbox 1253 1470 1331 1553; x_wconf 85' lang='grc'>236,</span> 
     </span>
     <span class='ocr_line' id='line_1_13' title="bbox 158 1561 1337 1652; baseline -0.001 -20"><span class='ocrx_word' id='word_1_105' title='bbox 158 1563 202 1643; x_wconf 75' lang='grc' dir='ltr'><strong>ὥς</strong></span> <span class='ocrx_word' id='word_1_106' title='bbox 231 1561 284 1652; x_wconf 86' lang='grc' dir='ltr'><strong>(ὅς</strong></span> <span class='ocrx_word' id='word_1_107' title='bbox 314 1589 338 1629; x_wconf 85' lang='lat' dir='ltr'><strong>r.</strong></span> <span class='ocrx_word' id='word_1_108' title='bbox 364 1566 394 1649; x_wconf 88' lang='grc' dir='ltr'><strong>Ι.)</strong></span> <span class='ocrx_word' id='word_1_109' title='bbox 419 1589 475 1647; x_wconf 88' lang='grc' dir='ltr'><strong>μοι</strong></span> <span class='ocrx_word' id='word_1_110' title='bbox 499 1561 584 1630; x_wconf 86' lang='grc' dir='ltr'><strong>καλά</strong></span> <span class='ocrx_word' id='word_1_111' title='bbox 609 1569 642 1629; x_wconf 76' lang='grc' dir='ltr'>Ω</span> <span class='ocrx_word' id='word_1_112' title='bbox 665 1566 744 1651; x_wconf 87' lang='grc'>388,</span> <span class='ocrx_word' id='word_1_113' title='bbox 772 1565 952 1649; x_wconf 84' lang='grc' dir='ltr'><em>Πηνέλεων</em></span> <span class='ocrx_word' id='word_1_114' title='bbox 977 1563 1165 1649; x_wconf 81' lang='grc' dir='ltr'><em>(Πηνέλεον</em></span> <span class='ocrx_word' id='word_1_115' title='bbox 1189 1588 1214 1628; x_wconf 93' lang='lat' dir='ltr'><strong>v.</strong></span> <span class='ocrx_word' id='word_1_116' title='bbox 1238 1564 1273 1651; x_wconf 90' lang='lat' dir='ltr'><strong>l.)</strong></span> <span class='ocrx_word' id='word_1_117' title='bbox 1300 1570 1337 1631; x_wconf 90' lang='lat' dir='ltr'><em>N</em></span> 
     </span>
     <span class='ocr_line' id='line_1_14' title="bbox 157 1659 1331 1749; baseline 0.002 -22"><span class='ocrx_word' id='word_1_118' title='bbox 157 1666 213 1747; x_wconf 85' lang='grc'><strong>92,</strong></span> <span class='ocrx_word' id='word_1_119' title='bbox 245 1659 290 1746; x_wconf 84' lang='grc' dir='ltr'><strong>μή</strong></span> <span class='ocrx_word' id='word_1_120' title='bbox 316 1679 351 1741; x_wconf 69' lang='grc' dir='ltr'><strong>σς</strong></span> <span class='ocrx_word' id='word_1_121' title='bbox 375 1661 482 1745; x_wconf 83' lang='grc' dir='ltr'><em>γέρων</em></span> <span class='ocrx_word' id='word_1_122' title='bbox 507 1662 620 1746; x_wconf 82' lang='grc' dir='ltr'><em>(γέρον</em></span> <span class='ocrx_word' id='word_1_123' title='bbox 645 1687 669 1726; x_wconf 89' lang='lat' dir='ltr'><strong>v.</strong></span> <span class='ocrx_word' id='word_1_124' title='bbox 694 1662 726 1749; x_wconf 88' lang='grc' dir='ltr'><strong>Ι.)</strong></span> <span class='ocrx_word' id='word_1_125' title='bbox 750 1668 783 1728; x_wconf 76' lang='grc' dir='ltr'>Ω</span> <span class='ocrx_word' id='word_1_126' title='bbox 805 1664 884 1746; x_wconf 90' lang='grc'>569,</span> <span class='ocrx_word' id='word_1_127' title='bbox 913 1659 1112 1728; x_wconf 73' lang='grc' dir='ltr'><em>Ποσειδάων</em></span> <span class='ocrx_word' id='word_1_128' title='bbox 1136 1659 1331 1747; x_wconf 79' lang='grc' dir='ltr'><em>(Ποσίδαον</em></span> 
     </span>
     <span class='ocr_line' id='line_1_15' title="bbox 158 1756 1335 1846; baseline 0.003 -22"><span class='ocrx_word' id='word_1_129' title='bbox 158 1786 182 1825; x_wconf 87' lang='lat' dir='ltr'><strong>v.</strong></span> <span class='ocrx_word' id='word_1_130' title='bbox 197 1759 230 1846; x_wconf 87' lang='grc' dir='ltr'><strong>Ι.)</strong></span> <span class='ocrx_word' id='word_1_131' title='bbox 244 1762 274 1832; x_wconf 80' lang='grc' dir='ltr'><strong><em>Ξ</em></strong></span> <span class='ocrx_word' id='word_1_132' title='bbox 286 1762 349 1824; x_wconf 86' lang='grc'><strong>357</strong></span> <span class='ocrx_word' id='word_1_133' title='bbox 366 1756 417 1844; x_wconf 89' lang='lat' dir='ltr'><strong>(cl.</strong></span> <span class='ocrx_word' id='word_1_134' title='bbox 433 1783 450 1822; x_wconf 90' lang='grc' dir='ltr'><em>τ</em></span> <span class='ocrx_word' id='word_1_135' title='bbox 465 1762 538 1825; x_wconf 88' lang='grc'>357.</span> <span class='ocrx_word' id='word_1_136' title='bbox 554 1757 684 1846; x_wconf 73' lang='grc' dir='ltr'>φ381),</span> <span class='ocrx_word' id='word_1_137' title='bbox 698 1763 770 1826; x_wconf 89' lang='lat' dir='ltr'><strong>baec</strong></span> <span class='ocrx_word' id='word_1_138' title='bbox 785 1764 888 1825; x_wconf 89' lang='lat' dir='ltr'><strong>dubito</strong></span> <span class='ocrx_word' id='word_1_139' title='bbox 903 1783 940 1824; x_wconf 89' lang='lat' dir='ltr'><strong>arx</strong></span> <span class='ocrx_word' id='word_1_140' title='bbox 955 1765 1214 1842; x_wconf 79' lang='lat' dir='ltr'><strong>grammaticorum</strong></span> <span class='ocrx_word' id='word_1_141' title='bbox 1229 1768 1335 1843; x_wconf 84' lang='lat' dir='ltr'><strong>potius</strong></span> 
     </span>
     <span class='ocr_line' id='line_1_16' title="bbox 158 1858 1333 1942; baseline 0.004 -19"><span class='ocrx_word' id='word_1_142' title='bbox 158 1883 245 1942; x_wconf 85' lang='lat' dir='ltr'><strong>quam</strong></span> <span class='ocrx_word' id='word_1_143' title='bbox 265 1860 332 1922; x_wconf 83' lang='grc' dir='ltr'><strong>τῶν</strong></span> <span class='ocrx_word' id='word_1_144' title='bbox 346 1858 741 1942; x_wconf 78' lang='grc' dir='ltr'><em>μεταχαμακτηρισάντων</em></span> <span class='ocrx_word' id='word_1_145' title='bbox 761 1862 845 1940; x_wconf 89' lang='lat' dir='ltr'><strong>culpa</strong></span> <span class='ocrx_word' id='word_1_146' title='bbox 867 1864 946 1921; x_wconf 91' lang='lat' dir='ltr'><strong>varic</strong></span> <span class='ocrx_word' id='word_1_147' title='bbox 961 1864 991 1921; x_wconf 92' lang='lat' dir='ltr'><strong>iu</strong></span> <span class='ocrx_word' id='word_1_148' title='bbox 1006 1861 1159 1922; x_wconf 83' lang='lat' dir='ltr'><strong>codicibus</strong></span> <span class='ocrx_word' id='word_1_149' title='bbox 1174 1860 1333 1929; x_wconf 84' lang='lat' dir='ltr'><strong>lluctuenl.</strong></span> 
     </span>
    </p>

    <p class='ocr_par' dir='ltr' id='par_1_5' title="bbox 157 1956 1333 2331">
     <span class='ocr_line' id='line_1_17' title="bbox 244 1956 1333 2039; baseline 0.003 -20"><span class='ocrx_word' id='word_1_150' title='bbox 244 1956 340 2036; x_wconf 65' lang='lat' dir='ltr'><strong>§citt</strong></span> <span class='ocrx_word' id='word_1_151' title='bbox 386 1958 519 2020; x_wconf 75' lang='lat' dir='ltr'><strong>Aliorum</strong></span> <span class='ocrx_word' id='word_1_152' title='bbox 553 1960 710 2022; x_wconf 90' lang='lat' dir='ltr'><strong>verborum</strong></span> <span class='ocrx_word' id='word_1_153' title='bbox 744 1961 877 2039; x_wconf 84' lang='lat' dir='ltr'><strong>duplices</strong></span> <span class='ocrx_word' id='word_1_154' title='bbox 910 1961 1021 2020; x_wconf 87' lang='lat' dir='ltr'><strong>lormac</strong></span> <span class='ocrx_word' id='word_1_155' title='bbox 1052 1960 1120 2020; x_wconf 87' lang='lat' dir='ltr'><strong>inde</strong></span> <span class='ocrx_word' id='word_1_156' title='bbox 1148 1968 1233 2021; x_wconf 87' lang='lat' dir='ltr'><strong>natae</strong></span> <span class='ocrx_word' id='word_1_157' title='bbox 1262 1980 1333 2022; x_wconf 85' lang='lat' dir='ltr'><strong>esse</strong></span> 
     </span>
     <span class='ocr_line' id='line_1_18' title="bbox 158 2056 1332 2138; baseline 0.002 -21"><span class='ocrx_word' id='word_1_158' title='bbox 158 2059 310 2137; x_wconf 88' lang='lat' dir='ltr'><strong>videntur,</strong></span> <span class='ocrx_word' id='word_1_159' title='bbox 337 2058 416 2136; x_wconf 90' lang='lat' dir='ltr'><strong>quod</strong></span> <span class='ocrx_word' id='word_1_160' title='bbox 447 2059 476 2115; x_wconf 88' lang='lat' dir='ltr'><strong>in</strong></span> <span class='ocrx_word' id='word_1_161' title='bbox 501 2058 725 2119; x_wconf 86' lang='lat' dir='ltr'><strong>transcribenda</strong></span> <span class='ocrx_word' id='word_1_162' title='bbox 750 2066 848 2119; x_wconf 89' lang='lat' dir='ltr'><strong>vetere</strong></span> <span class='ocrx_word' id='word_1_163' title='bbox 873 2059 1048 2138; x_wconf 81' lang='lat' dir='ltr'><strong>litteratura,</strong></span> <span class='ocrx_word' id='word_1_164' title='bbox 1071 2066 1105 2118; x_wconf 90' lang='lat' dir='ltr'><strong>ut</strong></span> <span class='ocrx_word' id='word_1_165' title='bbox 1127 2056 1237 2136; x_wconf 84' lang='lat' dir='ltr'><strong>syllaba</strong></span> <span class='ocrx_word' id='word_1_166' title='bbox 1261 2078 1332 2137; x_wconf 87' lang='lat' dir='ltr'><strong>pro·</strong></span> 
     </span>
     <span class='ocr_line' id='line_1_19' title="bbox 157 2153 1333 2236; baseline 0.001 -20"><span class='ocrx_word' id='word_1_167' title='bbox 157 2156 325 2235; x_wconf 88' lang='lat' dir='ltr'><strong>duceretur,</strong></span> <span class='ocrx_word' id='word_1_168' title='bbox 348 2154 397 2214; x_wconf 93' lang='lat' dir='ltr'><strong>alii</strong></span> <span class='ocrx_word' id='word_1_169' title='bbox 421 2153 536 2233; x_wconf 88' lang='lat' dir='ltr'><strong>longam</strong></span> <span class='ocrx_word' id='word_1_170' title='bbox 556 2157 686 2216; x_wconf 85' lang='lat' dir='ltr'><strong>vocalem</strong></span> <span class='ocrx_word' id='word_1_171' title='bbox 706 2159 900 2236; x_wconf 81' lang='lat' dir='ltr'><strong>scripserunt,</strong></span> <span class='ocrx_word' id='word_1_172' title='bbox 924 2156 974 2216; x_wconf 87' lang='lat' dir='ltr'><strong>alii</strong></span> <span class='ocrx_word' id='word_1_173' title='bbox 991 2174 1151 2217; x_wconf 90' lang='lat' dir='ltr'><strong>consonam</strong></span> <span class='ocrx_word' id='word_1_174' title='bbox 1170 2158 1333 2236; x_wconf 87' lang='lat' dir='ltr'><strong>insequen-</strong></span> 
     </span>
     <span class='ocr_line' id='line_1_20' title="bbox 159 2251 954 2331; baseline 0.001 -17"><span class='ocrx_word' id='word_1_175' title='bbox 159 2263 218 2314; x_wconf 88' lang='lat' dir='ltr'><strong>tem</strong></span> <span class='ocrx_word' id='word_1_176' title='bbox 241 2251 475 2331; x_wconf 86' lang='lat' dir='ltr'><strong>duplicaverunt.</strong></span> <span class='ocrx_word' id='word_1_177' title='bbox 522 2252 607 2314; x_wconf 90' lang='lat' dir='ltr'><strong>lluuc</strong></span> <span class='ocrx_word' id='word_1_178' title='bbox 630 2257 660 2315; x_wconf 91' lang='lat' dir='ltr'><strong>in</strong></span> <span class='ocrx_word' id='word_1_179' title='bbox 685 2255 819 2316; x_wconf 89' lang='lat' dir='ltr'><strong>ordinem</strong></span> <span class='ocrx_word' id='word_1_180' title='bbox 844 2255 954 2315; x_wconf 90' lang='lat' dir='ltr'><strong>relero:</strong></span> 
     </span>
    </p>

    <p class='ocr_par' dir='ltr' id='par_1_6' title="bbox 154 2342 1337 4079">
     <span class='ocr_line' id='line_1_21' title="bbox 246 2342 1332 2433; baseline 0.004 -22"><span class='ocrx_word' id='word_1_181' title='bbox 246 2342 434 2430; x_wconf 82' lang='grc' dir='ltr'><em>μαχήσομαι</em></span> <span class='ocrx_word' id='word_1_182' title='bbox 458 2343 672 2432; x_wconf 78' lang='grc' dir='ltr'><em>ἑμαχησάμην</em></span> <span class='ocrx_word' id='word_1_183' title='bbox 696 2362 726 2413; x_wconf 91' lang='lat' dir='ltr'><strong>et</strong></span> <span class='ocrx_word' id='word_1_184' title='bbox 749 2349 951 2433; x_wconf 78' lang='grc' dir='ltr'><em>μαχέσσομαι</em></span> <span class='ocrx_word' id='word_1_185' title='bbox 978 2346 1224 2433; x_wconf 81' lang='grc' dir='ltr'><em>ἐμαχεσσάμην,</em></span> <span class='ocrx_word' id='word_1_186' title='bbox 1252 2374 1332 2433; x_wconf 85' lang='lat' dir='ltr'><strong>quae</strong></span> 
     </span>
     <span class='ocr_line' id='line_1_22' title="bbox 157 2450 1332 2531; baseline 0.003 -22"><span class='ocrx_word' id='word_1_187' title='bbox 157 2451 322 2527; x_wconf 83' lang='lat' dir='ltr'><strong>scripturae</strong></span> <span class='ocrx_word' id='word_1_188' title='bbox 351 2457 464 2508; x_wconf 90' lang='lat' dir='ltr'><strong>tantum</strong></span> <span class='ocrx_word' id='word_1_189' title='bbox 494 2467 552 2508; x_wconf 91' lang='lat' dir='ltr'><strong>non</strong></span> <span class='ocrx_word' id='word_1_190' title='bbox 576 2450 714 2511; x_wconf 89' lang='lat' dir='ltr'><strong>omnibus</strong></span> <span class='ocrx_word' id='word_1_191' title='bbox 738 2451 809 2512; x_wconf 88' lang='lat' dir='ltr'><strong>locis</strong></span> <span class='ocrx_word' id='word_1_192' title='bbox 833 2453 959 2531; x_wconf 89' lang='lat' dir='ltr'><strong>variant,</strong></span> <span class='ocrx_word' id='word_1_193' title='bbox 982 2452 1019 2511; x_wconf 90' lang='lat' dir='ltr'><strong>cl.</strong></span> <span class='ocrx_word' id='word_1_194' title='bbox 1046 2450 1087 2510; x_wconf 86' lang='lat' dir='ltr'><strong>La</strong></span> <span class='ocrx_word' id='word_1_195' title='bbox 1117 2450 1215 2511; x_wconf 80' lang='lat' dir='ltr'><strong>lioebe</strong></span> <span class='ocrx_word' id='word_1_196' title='bbox 1243 2450 1332 2513; x_wconf 83' lang='lat' dir='ltr'><strong>Hom.</strong></span> 
     </span>
     <span class='ocr_line' id='line_1_23' title="bbox 156 2543 1332 2630; baseline 0.003 -23"><span class='ocrx_word' id='word_1_197' title='bbox 156 2547 276 2607; x_wconf 86' lang='lat' dir='ltr'><strong>Textkr.</strong></span> <span class='ocrx_word' id='word_1_198' title='bbox 300 2566 327 2625; x_wconf 87' lang='lat' dir='ltr'><strong>p.</strong></span> <span class='ocrx_word' id='word_1_199' title='bbox 352 2543 424 2607; x_wconf 83' lang='lat'>308.</span> <span class='ocrx_word' id='word_1_200' title='bbox 464 2546 563 2607; x_wconf 90' lang='lat' dir='ltr'><strong>Utram</strong></span> <span class='ocrx_word' id='word_1_201' title='bbox 587 2550 778 2630; x_wconf 78' lang='lat' dir='ltr'><strong>praeferrem,</strong></span> <span class='ocrx_word' id='word_1_202' title='bbox 801 2568 855 2628; x_wconf 85' lang='lat' dir='ltr'><strong>ego</strong></span> <span class='ocrx_word' id='word_1_203' title='bbox 880 2568 938 2609; x_wconf 89' lang='lat' dir='ltr'><strong>non</strong></span> <span class='ocrx_word' id='word_1_204' title='bbox 962 2550 1054 2626; x_wconf 83' lang='lat' dir='ltr'><strong>magis</strong></span> <span class='ocrx_word' id='word_1_205' title='bbox 1078 2549 1220 2609; x_wconf 87' lang='lat' dir='ltr'><strong>haesitavi</strong></span> <span class='ocrx_word' id='word_1_206' title='bbox 1239 2568 1332 2629; x_wconf 85' lang='lat' dir='ltr'><strong>quam</strong></span> 
     </span>
     <span class='ocr_line' id='line_1_24' title="bbox 157 2644 1331 2726; baseline 0.002 -20"><span class='ocrx_word' id='word_1_207' title='bbox 157 2648 327 2726; x_wconf 80' lang='lat' dir='ltr'><strong>quicunque</strong></span> <span class='ocrx_word' id='word_1_208' title='bbox 360 2653 427 2704; x_wconf 89' lang='lat' dir='ltr'><strong>ante</strong></span> <span class='ocrx_word' id='word_1_209' title='bbox 460 2663 507 2704; x_wconf 92' lang='lat' dir='ltr'><strong>me</strong></span> <span class='ocrx_word' id='word_1_210' title='bbox 535 2644 655 2707; x_wconf 80' lang='lat' dir='ltr'><strong>Homeri</strong></span> <span class='ocrx_word' id='word_1_211' title='bbox 688 2650 818 2708; x_wconf 89' lang='lat' dir='ltr'><strong>earmina</strong></span> <span class='ocrx_word' id='word_1_212' title='bbox 851 2647 963 2707; x_wconf 89' lang='lat' dir='ltr'><strong>edenda</strong></span> <span class='ocrx_word' id='word_1_213' title='bbox 996 2654 1184 2706; x_wconf 86' lang='lat' dir='ltr'><strong>curaverunt.</strong></span> <span class='ocrx_word' id='word_1_214' title='bbox 1230 2647 1331 2726; x_wconf 79' lang='lat' dir='ltr'><strong>Atque</strong></span> 
     </span>
     <span class='ocr_line' id='line_1_25' title="bbox 156 2742 1331 2823; baseline 0.001 -18"><span class='ocrx_word' id='word_1_215' title='bbox 156 2742 349 2822; x_wconf 84' lang='lat' dir='ltr'><strong>duplicandae</strong></span> <span class='ocrx_word' id='word_1_216' title='bbox 382 2742 502 2819; x_wconf 89' lang='lat' dir='ltr'><strong>quidem</strong></span> <span class='ocrx_word' id='word_1_217' title='bbox 535 2742 665 2804; x_wconf 84' lang='lat' dir='ltr'><strong>sibilanti</strong></span> <span class='ocrx_word' id='word_1_218' title='bbox 697 2748 718 2805; x_wconf 89' lang='lat' dir='ltr'><strong>ii</strong></span> <span class='ocrx_word' id='word_1_219' title='bbox 750 2744 807 2805; x_wconf 87' lang='lat' dir='ltr'><strong>loci</strong></span> <span class='ocrx_word' id='word_1_220' title='bbox 840 2746 937 2804; x_wconf 89' lang='lat' dir='ltr'><strong>lavere</strong></span> <span class='ocrx_word' id='word_1_221' title='bbox 970 2743 1121 2823; x_wconf 91' lang='lat' dir='ltr'><strong>videntur,</strong></span> <span class='ocrx_word' id='word_1_222' title='bbox 1154 2745 1183 2803; x_wconf 92' lang='lat' dir='ltr'><strong>in</strong></span> <span class='ocrx_word' id='word_1_223' title='bbox 1217 2743 1331 2823; x_wconf 88' lang='lat' dir='ltr'><strong>quibus</strong></span> 
     </span>
     <span class='ocr_line' id='line_1_26' title="bbox 156 2832 1337 2922; baseline 0.002 -20"><span class='ocrx_word' id='word_1_224' title='bbox 156 2842 247 2903; x_wconf 89' lang='lat' dir='ltr'><strong>altera</strong></span> <span class='ocrx_word' id='word_1_225' title='bbox 277 2839 360 2898; x_wconf 91' lang='lat' dir='ltr'><strong>verbi</strong></span> <span class='ocrx_word' id='word_1_226' title='bbox 388 2837 497 2915; x_wconf 78' lang='lat' dir='ltr'><strong>syllaba</strong></span> <span class='ocrx_word' id='word_1_227' title='bbox 525 2852 663 2919; x_wconf 82' lang='lat' dir='ltr'><strong>correpta</strong></span> <span class='ocrx_word' id='word_1_228' title='bbox 692 2852 751 2922; x_wconf 90' lang='lat' dir='ltr'><strong>est,</strong></span> <span class='ocrx_word' id='word_1_229' title='bbox 780 2842 859 2901; x_wconf 91' lang='lat' dir='ltr'><strong>velut</strong></span> <span class='ocrx_word' id='word_1_230' title='bbox 887 2832 1039 2920; x_wconf 78' lang='grc' dir='ltr'><em>ἀντίβιον</em></span> <span class='ocrx_word' id='word_1_231' title='bbox 1067 2837 1277 2920; x_wconf 76' lang='grc' dir='ltr'><em>μαχέσασθαι</em></span> <span class='ocrx_word' id='word_1_232' title='bbox 1302 2842 1337 2904; x_wconf 88' lang='grc' dir='ltr'><em>Γ</em></span> 
     </span>
     <span class='ocr_line' id='line_1_27' title="bbox 157 2930 1330 3020; baseline -0.002 -17"><span class='ocrx_word' id='word_1_233' title='bbox 157 2939 207 3003; x_wconf 87' lang='grc'><strong>20.</strong></span> <span class='ocrx_word' id='word_1_234' title='bbox 237 2937 272 2997; x_wconf 90' lang='lat' dir='ltr'><em>H</em></span> <span class='ocrx_word' id='word_1_235' title='bbox 296 2935 348 2996; x_wconf 73' lang='lat'><strong>40.</strong></span> <span class='ocrx_word' id='word_1_236' title='bbox 376 2933 428 2997; x_wconf 88' lang='grc'><strong>51.</strong></span> <span class='ocrx_word' id='word_1_237' title='bbox 457 2938 485 2995; x_wconf 86' lang='grc' dir='ltr'>Θ</span> <span class='ocrx_word' id='word_1_238' title='bbox 516 2934 585 2997; x_wconf 88' lang='grc'>168.</span> <span class='ocrx_word' id='word_1_239' title='bbox 615 2938 693 3020; x_wconf 85' lang='grc'>255,</span> <span class='ocrx_word' id='word_1_240' title='bbox 722 2933 796 3019; x_wconf 78' lang='grc' dir='ltr'><em>ἐμοὶ</em></span> <span class='ocrx_word' id='word_1_241' title='bbox 825 2935 1034 3019; x_wconf 77' lang='grc' dir='ltr'><em>μαχέσασθαι</em></span> <span class='ocrx_word' id='word_1_242' title='bbox 1061 2930 1185 3018; x_wconf 74' lang='grc' dir='ltr'><em>ἀνοίγει</em></span> <span class='ocrx_word' id='word_1_243' title='bbox 1214 2938 1249 2999; x_wconf 85' lang='grc' dir='ltr'><strong>Η</strong></span> <span class='ocrx_word' id='word_1_244' title='bbox 1277 2938 1330 3020; x_wconf 84' lang='grc'><strong>74,</strong></span> 
     </span>
     <span class='ocr_line' id='line_1_28' title="bbox 155 3027 1329 3117; baseline -0.001 -17"><span class='ocrx_word' id='word_1_245' title='bbox 155 3028 237 3100; x_wconf 79' lang='grc' dir='ltr'><em>κατὰ</em></span> <span class='ocrx_word' id='word_1_246' title='bbox 261 3029 364 3113; x_wconf 79' lang='grc' dir='ltr'><em>σφέας</em></span> <span class='ocrx_word' id='word_1_247' title='bbox 386 3027 450 3112; x_wconf 82' lang='grc' dir='ltr'><strong>γὰρ</strong></span> <span class='ocrx_word' id='word_1_248' title='bbox 475 3029 675 3114; x_wconf 82' lang='grc' dir='ltr'><em>μαχέσονται</em></span> <span class='ocrx_word' id='word_1_249' title='bbox 695 3039 723 3099; x_wconf 87' lang='grc' dir='ltr'><strong>Β</strong></span> <span class='ocrx_word' id='word_1_250' title='bbox 742 3035 815 3117; x_wconf 86' lang='grc'>366,</span> <span class='ocrx_word' id='word_1_251' title='bbox 840 3057 898 3117; x_wconf 87' lang='lat' dir='ltr'><strong>quo</strong></span> <span class='ocrx_word' id='word_1_252' title='bbox 923 3036 1013 3098; x_wconf 90' lang='lat' dir='ltr'><strong>simili</strong></span> <span class='ocrx_word' id='word_1_253' title='bbox 1037 3037 1122 3096; x_wconf 89' lang='lat' dir='ltr'><strong>modo</strong></span> <span class='ocrx_word' id='word_1_254' title='bbox 1142 3037 1220 3096; x_wconf 88' lang='lat' dir='ltr'><strong>idem</strong></span> <span class='ocrx_word' id='word_1_255' title='bbox 1240 3048 1329 3116; x_wconf 78' lang='lat' dir='ltr'><strong>poeta</strong></span> 
     </span>
     <span class='ocr_line' id='line_1_29' title="bbox 156 3120 1328 3214; baseline 0 -17"><span class='ocrx_word' id='word_1_256' title='bbox 156 3128 235 3206; x_wconf 81' lang='grc' dir='ltr'><em>ὅσος</em></span> <span class='ocrx_word' id='word_1_257' title='bbox 258 3140 287 3191; x_wconf 92' lang='lat' dir='ltr'><strong>et</strong></span> <span class='ocrx_word' id='word_1_258' title='bbox 307 3121 418 3206; x_wconf 78' lang='grc' dir='ltr'><em>ὅσσος,</em></span> <span class='ocrx_word' id='word_1_259' title='bbox 439 3120 592 3204; x_wconf 75' lang='grc' dir='ltr'><em>Ὀδυσεύς</em></span> <span class='ocrx_word' id='word_1_260' title='bbox 612 3141 642 3193; x_wconf 88' lang='lat' dir='ltr'><strong>et</strong></span> <span class='ocrx_word' id='word_1_261' title='bbox 657 3127 844 3209; x_wconf 75' lang='grc' dir='ltr'><em>Ὀδυσσεύς,</em></span> <span class='ocrx_word' id='word_1_262' title='bbox 867 3130 970 3214; x_wconf 80' lang='grc' dir='ltr'><em>μέσον</em></span> <span class='ocrx_word' id='word_1_263' title='bbox 990 3144 1020 3194; x_wconf 88' lang='lat' dir='ltr'><strong>et</strong></span> <span class='ocrx_word' id='word_1_264' title='bbox 1038 3129 1174 3214; x_wconf 83' lang='grc' dir='ltr'><em>μέσσον,</em></span> <span class='ocrx_word' id='word_1_265' title='bbox 1198 3133 1328 3214; x_wconf 81' lang='grc' dir='ltr'><em>νεμεσῶ</em></span> 
     </span>
     <span class='ocr_line' id='line_1_30' title="bbox 155 3220 1329 3312; baseline -0.001 -20"><span class='ocrx_word' id='word_1_266' title='bbox 155 3242 185 3292; x_wconf 87' lang='lat' dir='ltr'><strong>et</strong></span> <span class='ocrx_word' id='word_1_267' title='bbox 216 3220 421 3308; x_wconf 86' lang='grc' dir='ltr'><em>νεμεσσητόν</em></span> <span class='ocrx_word' id='word_1_268' title='bbox 455 3234 615 3307; x_wconf 88' lang='lat' dir='ltr'><strong>usurpavit.</strong></span> <span class='ocrx_word' id='word_1_269' title='bbox 662 3235 698 3293; x_wconf 78' lang='lat' dir='ltr'><strong>lt</strong></span> <span class='ocrx_word' id='word_1_270' title='bbox 730 3233 874 3312; x_wconf 82' lang='lat' dir='ltr'><strong>producta</strong></span> <span class='ocrx_word' id='word_1_271' title='bbox 905 3242 951 3293; x_wconf 85' lang='lat' dir='ltr'><strong>est</strong></span> <span class='ocrx_word' id='word_1_272' title='bbox 978 3231 1070 3292; x_wconf 86' lang='lat' dir='ltr'><strong>altera</strong></span> <span class='ocrx_word' id='word_1_273' title='bbox 1099 3230 1207 3310; x_wconf 79' lang='lat' dir='ltr'><strong>syllaba</strong></span> <span class='ocrx_word' id='word_1_274' title='bbox 1237 3234 1329 3292; x_wconf 88' lang='lat' dir='ltr'><strong>etiam</strong></span> 
     </span>
     <span class='ocr_line' id='line_1_31' title="bbox 157 3321 1328 3411; baseline -0.003 -19"><span class='ocrx_word' id='word_1_275' title='bbox 157 3332 309 3392; x_wconf 90' lang='lat' dir='ltr'><strong>nominum</strong></span> <span class='ocrx_word' id='word_1_276' title='bbox 333 3325 532 3385; x_wconf 86' lang='lat' dir='ltr'><strong>derivatorum</strong></span> <span class='ocrx_word' id='word_1_277' title='bbox 558 3323 705 3411; x_wconf 79' lang='grc' dir='ltr'><em>μαχητής</em></span> <span class='ocrx_word' id='word_1_278' title='bbox 728 3341 757 3392; x_wconf 83' lang='grc' dir='ltr'><em>ει</em></span> <span class='ocrx_word' id='word_1_279' title='bbox 780 3324 941 3411; x_wconf 80' lang='grc' dir='ltr'><em>μαχήμων</em></span> <span class='ocrx_word' id='word_1_280' title='bbox 965 3339 995 3389; x_wconf 91' lang='lat' dir='ltr'><strong>et</strong></span> <span class='ocrx_word' id='word_1_281' title='bbox 1018 3321 1174 3409; x_wconf 83' lang='grc' dir='ltr'><em>μαχητός,</em></span> <span class='ocrx_word' id='word_1_282' title='bbox 1197 3324 1328 3407; x_wconf 87' lang='lat' dir='ltr'><strong>quorum</strong></span> 
     </span>
     <span class='ocr_line' id='line_1_32' title="bbox 155 3423 1328 3509; baseline -0.003 -20"><span class='ocrx_word' id='word_1_283' title='bbox 155 3447 230 3509; x_wconf 88' lang='lat' dir='ltr'><strong>quae</strong></span> <span class='ocrx_word' id='word_1_284' title='bbox 264 3423 458 3501; x_wconf 87' lang='lat' dir='ltr'><strong>subsequitur</strong></span> <span class='ocrx_word' id='word_1_285' title='bbox 490 3424 586 3486; x_wconf 86' lang='lat' dir='ltr'><strong>littera</strong></span> <span class='ocrx_word' id='word_1_286' title='bbox 619 3447 786 3490; x_wconf 87' lang='lat' dir='ltr'><strong>consonans</strong></span> <span class='ocrx_word' id='word_1_287' title='bbox 819 3430 962 3509; x_wconf 81' lang='lat' dir='ltr'><strong>geminari</strong></span> <span class='ocrx_word' id='word_1_288' title='bbox 995 3446 1053 3487; x_wconf 90' lang='lat' dir='ltr'><strong>rrou</strong></span> <span class='ocrx_word' id='word_1_289' title='bbox 1086 3435 1211 3505; x_wconf 75' lang='lat' dir='ltr'><strong>poterat„</strong></span> <span class='ocrx_word' id='word_1_290' title='bbox 1262 3426 1328 3496; x_wconf 84' lang='lat' dir='ltr'><strong>Qua</strong></span> 
     </span>
     <span class='ocr_line' id='line_1_33' title="bbox 156 3520 1336 3597; baseline -0.003 -8"><span class='ocrx_word' id='word_1_291' title='bbox 156 3531 192 3590; x_wconf 91' lang='lat' dir='ltr'><strong>de</strong></span> <span class='ocrx_word' id='word_1_292' title='bbox 225 3542 312 3586; x_wconf 86' lang='lat' dir='ltr'><strong>eausa</strong></span> <span class='ocrx_word' id='word_1_293' title='bbox 346 3523 376 3580; x_wconf 85' lang='lat' dir='ltr'><strong>ixx</strong></span> <span class='ocrx_word' id='word_1_294' title='bbox 409 3520 519 3581; x_wconf 92' lang='lat' dir='ltr'><strong>iudicio</strong></span> <span class='ocrx_word' id='word_1_295' title='bbox 547 3525 711 3586; x_wconf 78' lang='lat' dir='ltr'><strong>Aristarchi</strong></span> <span class='ocrx_word' id='word_1_296' title='bbox 739 3526 780 3597; x_wconf 81' lang='lat' dir='ltr'><strong>lv.</strong></span> <span class='ocrx_word' id='word_1_297' title='bbox 809 3527 899 3587; x_wconf 89' lang='lat' dir='ltr'><strong>sehcl.</strong></span> <span class='ocrx_word' id='word_1_298' title='bbox 928 3526 963 3586; x_wconf 90' lang='lat' dir='ltr'><strong>ad</strong></span> <span class='ocrx_word' id='word_1_299' title='bbox 993 3529 1023 3585; x_wconf 98' lang='lat' dir='ltr'><em>A</em></span> <span class='ocrx_word' id='word_1_300' title='bbox 1047 3523 1120 3587; x_wconf 78' lang='lat'>304.</span> <span class='ocrx_word' id='word_1_301' title='bbox 1150 3525 1177 3585; x_wconf 90' lang='grc' dir='ltr'><strong><em>Β</em></strong></span> <span class='ocrx_word' id='word_1_302' title='bbox 1201 3521 1274 3584; x_wconf 93' lang='grc'>377.</span> <span class='ocrx_word' id='word_1_303' title='bbox 1299 3524 1336 3585; x_wconf 89' lang='grc' dir='ltr'>Γ</span> 
     </span>
     <span class='ocr_line' id='line_1_34' title="bbox 156 3613 1329 3701; baseline 0.002 -20"><span class='ocrx_word' id='word_1_304' title='bbox 156 3624 229 3689; x_wconf 74' lang='grc'><strong>290,</strong></span> <span class='ocrx_word' id='word_1_305' title='bbox 266 3622 286 3682; x_wconf 86' lang='lat' dir='ltr'><strong>l</strong></span> <span class='ocrx_word' id='word_1_306' title='bbox 309 3613 365 3699; x_wconf 89' lang='grc'><strong>32)</strong></span> <span class='ocrx_word' id='word_1_307' title='bbox 398 3625 428 3678; x_wconf 90' lang='lat' dir='ltr'><strong>et</strong></span> <span class='ocrx_word' id='word_1_308' title='bbox 461 3620 517 3680; x_wconf 89' lang='lat' dir='ltr'><strong>lide</strong></span> <span class='ocrx_word' id='word_1_309' title='bbox 552 3622 714 3684; x_wconf 82' lang='lat' dir='ltr'><strong>editionum</strong></span> <span class='ocrx_word' id='word_1_310' title='bbox 743 3624 949 3685; x_wconf 85' lang='lat' dir='ltr'><strong>lllassilioticae</strong></span> <span class='ocrx_word' id='word_1_311' title='bbox 983 3622 1135 3701; x_wconf 81' lang='lat' dir='ltr'><strong>Argolicae</strong></span> <span class='ocrx_word' id='word_1_312' title='bbox 1169 3622 1329 3701; x_wconf 87' lang='lat' dir='ltr'><strong>Sinopicae</strong></span> 
     </span>
     <span class='ocr_line' id='line_1_35' title="bbox 155 3712 1328 3802; baseline -0.003 -17"><span class='ocrx_word' id='word_1_313' title='bbox 155 3719 321 3785; x_wconf 73' lang='lat' dir='ltr'><strong>,iutimachi</strong></span> <span class='ocrx_word' id='word_1_314' title='bbox 350 3712 401 3796; x_wconf 85' lang='lat' dir='ltr'><strong>(cl.</strong></span> <span class='ocrx_word' id='word_1_315' title='bbox 430 3716 519 3779; x_wconf 88' lang='lat' dir='ltr'><strong>schol.</strong></span> <span class='ocrx_word' id='word_1_316' title='bbox 548 3721 584 3780; x_wconf 90' lang='lat' dir='ltr'><strong>ad</strong></span> <span class='ocrx_word' id='word_1_317' title='bbox 609 3725 640 3782; x_wconf 90' lang='lat' dir='ltr'><em>A</em></span> <span class='ocrx_word' id='word_1_318' title='bbox 663 3720 743 3802; x_wconf 88' lang='grc'>298)</span> <span class='ocrx_word' id='word_1_319' title='bbox 771 3722 888 3801; x_wconf 83' lang='lat' dir='ltr'><strong>longam</strong></span> <span class='ocrx_word' id='word_1_320' title='bbox 917 3721 1045 3782; x_wconf 89' lang='lat' dir='ltr'><strong>vocalem</strong></span> <span class='ocrx_word' id='word_1_321' title='bbox 1073 3740 1094 3800; x_wconf 85' lang='grc' dir='ltr'><em>η</em></span> <span class='ocrx_word' id='word_1_322' title='bbox 1123 3717 1328 3781; x_wconf 84' lang='lat' dir='ltr'><strong>exhibentium</strong></span> 
     </span>
     <span class='ocr_line' id='line_1_36' title="bbox 154 3814 1329 3897; baseline -0.006 -13"><span class='ocrx_word' id='word_1_323' title='bbox 154 3823 227 3884; x_wconf 90' lang='lat' dir='ltr'><strong>mihi</strong></span> <span class='ocrx_word' id='word_1_324' title='bbox 251 3814 499 3896; x_wconf 86' lang='lat' dir='ltr'><strong>acquiescendum</strong></span> <span class='ocrx_word' id='word_1_325' title='bbox 528 3837 593 3878; x_wconf 89' lang='lat' dir='ltr'><strong>esse</strong></span> <span class='ocrx_word' id='word_1_326' title='bbox 619 3822 728 3897; x_wconf 85' lang='lat' dir='ltr'><strong>putavi.</strong></span> <span class='ocrx_word' id='word_1_327' title='bbox 776 3821 816 3880; x_wconf 85' lang='lat' dir='ltr'><strong>[lc</strong></span> <span class='ocrx_word' id='word_1_328' title='bbox 840 3821 929 3880; x_wconf 88' lang='lat' dir='ltr'><strong>simili</strong></span> <span class='ocrx_word' id='word_1_329' title='bbox 952 3818 1142 3897; x_wconf 84' lang='lat' dir='ltr'><strong>ambiguitate</strong></span> <span class='ocrx_word' id='word_1_330' title='bbox 1166 3816 1329 3877; x_wconf 85' lang='lat' dir='ltr'><strong>verborum</strong></span> 
     </span>
     <span class='ocr_line' id='line_1_37' title="bbox 155 3907 1329 4000; baseline -0.004 -19"><span class='ocrx_word' id='word_1_331' title='bbox 155 3907 297 4000; x_wconf 74' lang='grc' dir='ltr'><em>ἑράσατο</em></span> <span class='ocrx_word' id='word_1_332' title='bbox 319 3941 360 3962; x_wconf 89' lang='grc'><strong>--</strong></span> <span class='ocrx_word' id='word_1_333' title='bbox 381 3916 508 3973; x_wconf 84' lang='lat' dir='ltr'><strong>servarit</strong></span> <span class='ocrx_word' id='word_1_334' title='bbox 541 3924 570 3975; x_wconf 92' lang='lat' dir='ltr'><strong>et</strong></span> <span class='ocrx_word' id='word_1_335' title='bbox 602 3911 763 3995; x_wconf 76' lang='grc' dir='ltr'><em>ἐρύσσατο</em></span> <span class='ocrx_word' id='word_1_336' title='bbox 784 3945 826 3966; x_wconf 96' lang='lat'>=</span> <span class='ocrx_word' id='word_1_337' title='bbox 842 3920 968 3977; x_wconf 82' lang='lat' dir='ltr'><strong>extraxit</strong></span> <span class='ocrx_word' id='word_1_338' title='bbox 1001 3916 1141 3977; x_wconf 89' lang='lat' dir='ltr'><strong>lectorem</strong></span> <span class='ocrx_word' id='word_1_339' title='bbox 1173 3914 1209 3973; x_wconf 90' lang='lat' dir='ltr'><strong>ad</strong></span> <span class='ocrx_word' id='word_1_340' title='bbox 1243 3914 1329 3976; x_wconf 88' lang='lat' dir='ltr'><strong>Butt-</strong></span> 
     </span>
     <span class='ocr_line' id='line_1_38' title="bbox 155 4007 832 4079; baseline -0.007 0"><span class='ocrx_word' id='word_1_341' title='bbox 155 4018 255 4079; x_wconf 87' lang='lat' dir='ltr'><strong>mamxi</strong></span> <span class='ocrx_word' id='word_1_342' title='bbox 279 4009 368 4072; x_wconf 86' lang='lat' dir='ltr'><strong>Lexil.</strong></span> <span class='ocrx_word' id='word_1_343' title='bbox 393 4009 404 4067; x_wconf 94' lang='lat' dir='ltr'><strong>l</strong></span> <span class='ocrx_word' id='word_1_344' title='bbox 429 4007 472 4072; x_wconf 88' lang='grc'>63</span> <span class='ocrx_word' id='word_1_345' title='bbox 496 4012 672 4074; x_wconf 88' lang='lat' dir='ltr'><strong>demandare</strong></span> <span class='ocrx_word' id='word_1_346' title='bbox 697 4015 832 4075; x_wconf 88' lang='lat' dir='ltr'><strong>sulliciat.</strong></span> 
     </span>
    </p>

    <p class='ocr_par' dir='ltr' id='par_1_7' title="bbox 155 4100 1331 4386">
     <span class='ocr_line' id='line_1_39' title="bbox 243 4100 1331 4191; baseline 0.002 -19"><span class='ocrx_word' id='word_1_347' title='bbox 243 4104 388 4191; x_wconf 77' lang='grc' dir='ltr'><em>ὄφελλον</em></span> <span class='ocrx_word' id='word_1_348' title='bbox 412 4116 442 4166; x_wconf 89' lang='lat' dir='ltr'><strong>et</strong></span> <span class='ocrx_word' id='word_1_349' title='bbox 466 4100 605 4189; x_wconf 83' lang='grc' dir='ltr'><em>ὄφειλον</em></span> <span class='ocrx_word' id='word_1_350' title='bbox 628 4112 658 4171; x_wconf 94' lang='lat' dir='ltr'><em>A</em></span> <span class='ocrx_word' id='word_1_351' title='bbox 683 4110 756 4174; x_wconf 82' lang='grc'>688.</span> <span class='ocrx_word' id='word_1_352' title='bbox 781 4110 854 4174; x_wconf 84' lang='grc'>698.</span> <span class='ocrx_word' id='word_1_353' title='bbox 880 4112 947 4172; x_wconf 89' lang='lat' dir='ltr'><strong>Hes.</strong></span> <span class='ocrx_word' id='word_1_354' title='bbox 972 4132 1017 4191; x_wconf 87' lang='lat' dir='ltr'><strong>op.</strong></span> <span class='ocrx_word' id='word_1_355' title='bbox 1044 4110 1094 4191; x_wconf 89' lang='grc'><strong>17,</strong></span> <span class='ocrx_word' id='word_1_356' title='bbox 1119 4103 1270 4190; x_wconf 84' lang='grc' dir='ltr'><em>ὀφέλλετ’</em></span> <span class='ocrx_word' id='word_1_357' title='bbox 1297 4119 1331 4175; x_wconf 85' lang='lat' dir='ltr'><strong>et</strong></span> 
     </span>
     <span class='ocr_line' id='line_1_40' title="bbox 155 4201 1329 4291; baseline -0.002 -18"><span class='ocrx_word' id='word_1_358' title='bbox 155 4201 297 4291; x_wconf 79' lang='grc' dir='ltr'><em>ὀφείλετ’</em></span> <span class='ocrx_word' id='word_1_359' title='bbox 319 4206 350 4267; x_wconf 92' lang='grc' dir='ltr'><em>Λ</em></span> <span class='ocrx_word' id='word_1_360' title='bbox 370 4201 442 4265; x_wconf 89' lang='grc'>686.</span> <span class='ocrx_word' id='word_1_361' title='bbox 466 4227 488 4283; x_wconf 95' lang='grc' dir='ltr'><em>γ</em></span> <span class='ocrx_word' id='word_1_362' title='bbox 511 4206 584 4289; x_wconf 91' lang='grc'>367,</span> <span class='ocrx_word' id='word_1_363' title='bbox 608 4201 753 4290; x_wconf 77' lang='grc' dir='ltr'><em>ὤφελλες</em></span> <span class='ocrx_word' id='word_1_364' title='bbox 778 4220 807 4271; x_wconf 92' lang='lat' dir='ltr'><strong>et</strong></span> <span class='ocrx_word' id='word_1_365' title='bbox 831 4203 971 4290; x_wconf 79' lang='grc' dir='ltr'><em>ὥφειλες</em></span> <span class='ocrx_word' id='word_1_366' title='bbox 996 4208 1114 4289; x_wconf 79' lang='grc'>6472;</span> <span class='ocrx_word' id='word_1_367' title='bbox 1138 4227 1192 4268; x_wconf 86' lang='lat' dir='ltr'><strong>uos</strong></span> <span class='ocrx_word' id='word_1_368' title='bbox 1216 4208 1271 4269; x_wconf 89' lang='lat' dir='ltr'><strong>bac</strong></span> <span class='ocrx_word' id='word_1_369' title='bbox 1295 4212 1329 4271; x_wconf 88' lang='lat' dir='ltr'><strong>in</strong></span> 
     </span>
     <span class='ocr_line' id='line_1_41' title="bbox 155 4296 1330 4386; baseline -0.002 -17"><span class='ocrx_word' id='word_1_370' title='bbox 155 4328 188 4375; x_wconf 81' lang='lat' dir='ltr'><strong>re</strong></span> <span class='ocrx_word' id='word_1_371' title='bbox 211 4330 227 4369; x_wconf 92' lang='lat' dir='ltr'><strong>a</strong></span> <span class='ocrx_word' id='word_1_372' title='bbox 250 4304 383 4368; x_wconf 87' lang='lat' dir='ltr'><strong>Nanckio</strong></span> <span class='ocrx_word' id='word_1_373' title='bbox 406 4300 595 4366; x_wconf 83' lang='lat' dir='ltr'><strong>discedentes</strong></span> <span class='ocrx_word' id='word_1_374' title='bbox 614 4309 817 4369; x_wconf 75' lang='lat' dir='ltr'><strong>tristareheas</strong></span> <span class='ocrx_word' id='word_1_375' title='bbox 841 4308 983 4368; x_wconf 87' lang='lat' dir='ltr'><strong>lectiones</strong></span> <span class='ocrx_word' id='word_1_376' title='bbox 1007 4299 1153 4386; x_wconf 83' lang='grc' dir='ltr'><em>ὄφελλον</em></span> <span class='ocrx_word' id='word_1_377' title='bbox 1176 4313 1206 4365; x_wconf 85' lang='lat' dir='ltr'><strong>el</strong></span> <span class='ocrx_word' id='word_1_378' title='bbox 1229 4296 1330 4385; x_wconf 81' lang='grc' dir='ltr'><em>ὀφέλ-</em></span> 
     </span>
    </p>
   </div>
   <div class='ocr_carea' id='block_1_3' title="bbox 154 4397 1332 4487">
    <p class='ocr_par' dir='ltr' id='par_1_8' title="bbox 154 4397 1332 4487">
     <span class='ocr_line' id='line_1_42' title="bbox 154 4397 1332 4487; baseline 0 -22"><span class='ocrx_word' id='word_1_379' title='bbox 154 4397 219 4466; x_wconf 87' lang='grc' dir='ltr'><em>λετ’</em></span> <span class='ocrx_word' id='word_1_380' title='bbox 245 4404 448 4484; x_wconf 80' lang='lat' dir='ltr'><strong>probavimus,</strong></span> <span class='ocrx_word' id='word_1_381' title='bbox 472 4410 573 4480; x_wconf 88' lang='lat' dir='ltr'><strong>utpote</strong></span> <span class='ocrx_word' id='word_1_382' title='bbox 598 4425 686 4487; x_wconf 81' lang='lat' dir='ltr'><strong>quae,</strong></span> <span class='ocrx_word' id='word_1_383' title='bbox 710 4426 778 4466; x_wconf 84' lang='lat' dir='ltr'><strong>cunr</strong></span> <span class='ocrx_word' id='word_1_384' title='bbox 802 4426 818 4465; x_wconf 92' lang='lat' dir='ltr'><strong>a</strong></span> <span class='ocrx_word' id='word_1_385' title='bbox 842 4406 955 4483; x_wconf 82' lang='lat' dir='ltr'><strong>vulgari</strong></span> <span class='ocrx_word' id='word_1_386' title='bbox 978 4422 1114 4465; x_wconf 91' lang='lat' dir='ltr'><strong>sermone</strong></span> <span class='ocrx_word' id='word_1_387' title='bbox 1138 4403 1332 4485; x_wconf 89' lang='lat' dir='ltr'><strong>abhorreant,</strong></span> 
     </span>
    </p>
   </div>
   <div class='ocr_carea' id='block_1_4' title="bbox 0 0 1496 5092">
    <p class='ocr_par' dir='ltr' id='par_1_9' title="bbox 0 0 1496 5092">
     <span class='ocr_line' id='line_1_43' title="bbox 0 0 1496 5092; baseline 0 1"><span class='ocrx_word' id='word_1_388' title='bbox 0 0 1496 5092; x_wconf 95' lang='lat' dir='ltr'><strong> </strong></span> 
     </span>
    </p>
   </div>
  </div>
 </body>
</html>
