2962 5070
673 341 913 406 -126-

205 525 264 566 505
288 525 379 585 pnros
403 516 491 585 putes
515 507 600 566 lones
624 505 729 582 luisse,
753 504 804 563 sed
831 503 955 565 intuitum
979 525 1014 565 ex
1039 506 1138 585 lingua
1161 505 1322 566 confinium
1346 514 1380 566 et

204 604 417 685 inquilinorum
441 602 563 663 Aeolum
580 593 717 661 'traxisse
741 618 884 680 perquam
908 604 1067 665 verisimile
1090 616 1144 665 est.
1190 603 1253 666 lloc
1276 614 1379 665 autem

204 701 329 763 alterum
359 703 494 780 inprimis
523 700 611 778 salet,
640 699 665 759 si
689 697 931 777 locupletissimis
954 703 1082 764 testibus
1105 702 1233 764 Pindaro
1254 702 1379 764 Stasim-

204 800 289 859 broto
332 798 450 877 Ephoro
490 799 652 859 llomerum
691 795 814 875 Smyrna
859 801 1019 861 oriundum
1058 819 1124 862 esse
1164 801 1277 882 eradis3
1323 801 1378 862 sed

204 901 293 957 etiam
325 899 350 956 si
385 898 476 956 lamae
505 896 547 956 illi
575 894 705 974 diffides,
737 903 836 955 tamen
864 918 900 958 ex
930 908 1071 981 quatuor,
1104 919 1178 980 quas
1207 899 1378 961 Herodotus

205 996 215 1055 l
248 993 309 1056 142
342 995 511 1075 distinguit,
544 993 702 1074 speciebus
735 996 848 1055 ionicae
882 996 1001 1058 dialecti
1033 1016 1067 1058 ea
1096 997 1269 1058 llomeridas
1302 999 1379 1057 anti·

204 1094 363 1172 quissimus
392 1111 462 1153 5505
491 1112 556 1153 5555
585 1091 669 1153 155115
693 1092 853 1172 concedes,
881 1113 957 1173 quae
980 1114 1048 1155 erun
1072 1095 1321 1175 Colophoniorum
1345 1104 1378 1155 et

205 1191 451 1270 Phocaeensium,
483 1208 611 1270 quorum
643 1190 717 1249 1555
749 1207 820 1268 ager
848 1189 1027 1271 Smyrnaeus
1055 1195 1224 1274 interiacet,
1256 1195 1377 1273 propria

206 1289 297 1348 luisse
327 1296 479 1367 narretur,
506 1288 632 1349 multum
656 1286 760 1366 procul
784 1286 875 1347 ‹laabio
899 1292 1022 1369 propius
1046 1310 1134 1370 qnam
1159 1291 1290 1371 reliquae
1315 1299 1377 1351 tres

204 1385 328 1444 Aeolum
357 1388 487 1446 sermoni
514 1378 713 1465 accedebat.¹)
759 1382 844 1454 Quod
875 1405 944 1446 vero
973 1406 1068 1467 nuper
1096 1390 1169 1466 bug.
1197 1388 1316 1450 Fiekius
1345 1391 1377 1448 iu

204 1482 344 1543 Bezzenb.
365 1482 454 1544 lleitr.
475 1483 524 1543 Vll
551 1480 725 1544 139-162
749 1491 849 1544 vetera
872 1487 1002 1545 carmina
1026 1485 1134 1567 iliadis,
1157 1505 1226 1546 eum
1249 1505 1264 1546 a
1288 1495 1377 1565 poeta

205 1584 269 1659 ipso
298 1580 408 1641 aeolice
437 1591 541 1659 paneta
571 1589 684 1661 essent,
712 1580 862 1660 aliquanto
890 1591 958 1660 post
986 1583 1022 1643 ab
1050 1583 1233 1666 llomeridis,
1266 1587 1316 1663 qui
1345 1586 1377 1643 in

205 1681 309 1741 lorium
332 1699 419 1758 agros
443 1698 495 1741 sua
514 1679 662 1740 domicilia
681 1678 912 1760 transtulissent,
935 1683 1049 1742 ionicae
1068 1682 1193 1742 dialecto
1212 1700 1377 1742 accommo-

205 1779 270 1838 data
304 1796 370 1837 csse
403 1779 569 1856 speciosius
601 1796 689 1857 quam
723 1780 822 1838 verius
854 1778 1028 1858 disputavit,
1062 1777 1135 1838 nibil
1164 1778 1201 1837 ad
1230 1779 1377 1839 editorem

207 1877 304 1937 iliadis
328 1878 466 1955 pertinet
503 1874 605 1954 Neque
629 1878 706 1935 enim
731 1894 806 1956 quae
830 1884 938 1955 vetera,
962 1894 1036 1955 quae
1060 1878 1226 1936 recentiora
1245 1878 1378 1936 carmina

205 1982 320 2052 essent,
343 1975 512 2033 accuratius
536 1972 584 2032 illc
608 1972 835 2053 discriminavit,
858 1975 916 2034 nisi
940 1975 1019 2054 quod
1042 1977 1172 2053 priorem
1196 1974 1265 2034 libri
1288 1975 1378 2053 primi

206 2080 319 2151 partem
353 2073 382 2130 in
415 2069 555 2130 aeolicum
588 2069 718 2148 linguam
746 2074 907 2152 convertit,
939 2081 969 2133 et
997 2092 1072 2153 quae
1100 2073 1220 2152 proprie
1248 2070 1378 2132 aeolicae

205 2169 347 2229 dicuntur
384 2168 494 2228 formae
532 2186 622 2246 super
655 2176 747 2228 totam
779 2167 897 2229 iliadem
929 2170 1081 2249 dispersae
1114 2178 1184 2230 sunt
1217 2186 1313 2249 neque
1344 2171 1378 2229 in

207 2265 423 2326 recentioribus
450 2264 632 2326 carminibus
656 2268 753 2326 rarius
776 2284 864 2344 quam
888 2269 918 2326 in
942 2268 1152 2328 vetustissimis
1175 2268 1378 2348 inveniuntur,

206 2363 286 2423 velut
308 2363 444 2444 πίσυρες
468 2371 563 2423 exstat
587 2362 616 2422 0
634 2361 707 2424 680.
731 2361 1003 2426 Ψ171.Ω233.
1023 2385 1039 2426 5
1059 2364 1109 2427 70.
1128 2384 1152 2425 u
1170 2363 1243 2426 249.
1263 2387 1282 2446 χ
1303 2365 1378 2447 111,

206 2454 414 2543 αἰσυμνητήρ
437 2463 470 2522 Ω
493 2459 567 2532 347.
590 2464 617 2522 θ
640 2458 719 2534 258,
747 2452 869 2542 ἄμυδις
892 2463 914 2522 Ι
935 2460 964 2523 6.
988 2462 1022 2523 K
1043 2459 1116 2523 300.
1140 2457 1213 2523 524.
1241 2463 1282 2522 Μ
1301 2460 1378 2524 385.

209 2562 243 2620 N
268 2558 341 2622 336.
371 2557 444 2620 343.
470 2560 499 2619 Y
524 2556 594 2621 114.
622 2556 790 2621 158374.
819 2561 856 2620 Ψ
875 2558 950 2621 217.
979 2557 1000 2620 d
1023 2557 1097 2622 659.
1121 2579 1136 2620 ε
1159 2557 1232 2621 467.
1256 2581 1279 2640 μ
1302 2556 1378 2620 413.

206 2656 280 2720 415.
309 2655 325 2732 ξ
353 2654 427 2719 305.
474 2656 551 2717 llaec
585 2659 641 2718 tria
673 2658 765 2736 igitur
797 2657 937 2718 vocabula
970 2657 1079 2717 aeolica
1112 2657 1185 2717 adeo
1218 2676 1277 2717 non
1308 2667 1379 2718 sunt

207 2758 325 2834 propria
360 2757 468 2815 veteris
502 2754 612 2833 iliadis,
645 2763 677 2814 ut
710 2757 740 2814 in
774 2757 811 2815 iis
843 2754 1038 2835 carminibus,
1072 2774 1146 2834 quae
1174 2774 1229 2815 505
1257 2755 1378 2835 quidem

207 2854 404 2913 5555155155
438 2851 638 2931 (1555155155,
671 2869 707 2910 55
742 2854 931 2914 inveniantur
963 2853 1090 2933 quidem.
1143 2853 1200 2912 Sed
1229 2861 1291 2913 tota
1320 2854 1377 2912 ista

206 2953 352 3010 sententia
382 2948 450 3008 lolsa
475 2957 533 3029 est,
562 2948 801 3027 ‹parandoqnidem
825 2953 882 3011 iam
906 2953 936 3010 in
960 2952 1170 3012 vetustissimis
1193 2949 1377 3010 carminibus

207 3048 340 3127 llomeri,
373 3049 398 3107 si
430 3065 445 3105 a
478 3046 577 3124 lingna
609 3047 644 3106 ad
679 3065 726 3106 res
759 3048 963 3127 descenderis,
996 3049 1234 3108 nrarriiestissima
1263 3051 1377 3109 ionicae
1431 3099 1434 3103 ,

206 3147 330 3222 originis
354 3146 475 3222 vestigia
499 3151 624 3223 exstant,
648 3143 727 3204 velut
751 3143 858 3204 Nestor
880 3145 950 3225 Pylo
974 3147 1069 3205 ionica
1093 3144 1238 3204 oriundus
1262 3147 1377 3224 inipso

207 3245 302 3321 primo
326 3242 402 3302 libro
425 3244 503 3302 inter
526 3244 672 3321 primores
692 3242 869 3302 dcbivorum
893 3242 1070 3322 celebratus,
1094 3241 1233 3321 Minerva,
1253 3252 1377 3322 patrona

206 3342 319 3400 ionicae
344 3342 454 3421 stirpis,
478 3339 584 3400 crebro
609 3341 741 3401 invocata
766 3343 796 3401 15
820 3341 944 3402 solemni
968 3341 1093 3402 iormula
1117 3336 1154 3400 αἲ
1174 3331 1239 3420 γὰρ
1259 3337 1325 3400 Ζεῦ
1343 3360 1379 3400 τε

205 3431 308 3516 πάτερ
335 3431 390 3497 καὶ
416 3428 577 3517 Ἀθηναίη
606 3431 660 3497 καὶ
688 3429 856 3499 Ἀπόλλων
885 3440 912 3500 Β
935 3436 1009 3500 371.
1035 3440 1067 3497 Δ
1090 3436 1165 3499 288.
1189 3437 1226 3498 H
1248 3435 1319 3497 132.
1344 3439 1383 3497 Π

206 3535 262 3615 97,
291 3538 413 3614 Cayster
439 3538 554 3597 ionicus
585 3536 692 3611 lluyius
721 3541 751 3598 in
775 3537 884 3598 illustri
907 3538 1034 3614 imagine
1060 3536 1087 3596 Β
1110 3532 1173 3597 tol
1199 3553 1378 3595 commemo-

206 3644 301 3712 ratus,
334 3632 463 3713 Neptuni
491 3633 649 3714 lleliconii,
678 3635 823 3713 praesidis
846 3633 980 3694 l‘anionii
1004 3628 1043 3714 (v.
1072 3632 1212 3694 Herodot
1240 3633 1261 3693 I
1290 3628 1379 3715 148),

206 3751 288 3792 sacra
320 3733 348 3790 Τ
369 3728 435 3791 404
459 3750 522 3811 sqq.
547 3731 708 3813 descrIpta,
736 3735 892 3812 praeconia
917 3731 1032 3809 Glauci,
1061 3731 1218 3810 Lyciorum
1241 3732 1334 3810 regis,
1360 3750 1378 3789 5

206 3849 264 3908 quo
293 3838 408 3907 partem
436 3829 606 3907 regulorum
632 3829 729 3889 105155
759 3832 904 3908 originem
932 3830 1052 3889 diruisse
1081 3827 1249 3888 llerodotus
1278 3827 1289 3886 l
1316 3825 1377 3888 147

207 3928 313 4008 reiert,
344 3931 370 3987 si
397 3930 496 3988 minus
524 3929 752 4009 aratiqnissimis‚
782 3938 811 3989 at
839 3935 937 3988 15555
966 3927 1211 4006 praeclarissimis
1240 3926 1377 3985 carmini·

206 4025 262 4085 bus
286 4027 370 4086 15515.

297 4191 322 4257 1)
342 4188 382 4242 De
410 4188 545 4257 Smyrnae
577 4189 738 4244 colonorum
771 4190 906 4259 ambigua
937 4187 1045 4259 origine
1078 4188 1203 4243 conferas
1237 4187 1318 4242 sodes
1347 4185 1378 4241 0.

205 4267 385 4335 Muellerum,
411 4268 509 4321 Gesch.
533 4269 559 4323 d.
584 4269 689 4337 grieeh.
714 4270 767 4324 Lit.
793 4272 804 4324 l
829 4276 875 4336 723
902 4269 935 4322 de
960 4268 1165 4338 grammaticis,
1190 4267 1239 4335 qui
1264 4269 1378 4323 Aeolem

206 4349 354 4401 llomernm
380 4347 564 4417 perhibebant
587 4352 616 4402 et
639 4350 761 4404 aeolicae
780 4349 871 4416 magis
891 4365 976 4416 quom
995 4347 1097 4402 5111555
1118 4346 1222 4400 formas
1241 4345 1271 4399 iu
1290 4346 1379 4401 iliade

206 4430 235 4481 et
254 4428 379 4494 Odyssea
397 4427 561 4496 prebebant,
580 4427 670 4482 Fried.
691 4429 842 4496 Osannum,
861 4427 958 4482 anecd.
979 4429 1057 4481 Rom
1078 4447 1105 4496 p.
1125 4433 1141 4479 1
1162 4429 1192 4480 51
1209 4431 1262 4480 282
1282 4442 1343 4496 sqq.
