2962 5070
624 338 776 388 ΙΛιεΔοΣ
795 339 832 387 vl
1256 333 1321 397 319

153 495 312 585 Τροίεσσῗ,
337 503 373 564 οἳ
394 494 465 583 μέγ’
492 498 581 582 έμεῐο
605 494 721 582 ποθὴν
744 492 906 575 ἀπεόντος
929 499 1072 582 ἔχουσιν.
1278 494 1319 560 ll

146 601 230 675 άλλὰ
255 605 298 673 σύ
322 603 353 691 γ’
382 603 507 692 όρνυθι
530 608 667 687 τοῦτον,
692 604 875 689 ἐπειγέσθω
900 602 937 669 δὲ
959 602 1015 669 καὶ
1039 597 1155 685 αὐτός,

146 711 191 793 ὥς
214 740 272 781 κεν
296 712 346 799 ἔμ’
374 717 537 779 ἔντοσθεν
560 710 677 790 πόλιος
699 709 897 798 καταμάρψῃ
922 710 1028 780 έόντα.

145 821 200 887 καὶ
225 819 289 907 γὰρ
314 819 377 906 ἐγὼ
401 816 554 887 ίοῑκόνδ
580 817 810 904 ἐσελεύσομαι,
833 814 924 904 όφρα
946 823 1090 905 ίίδωμαι

146 933 285 1014 ίοικήας
308 926 434 1013 άλοχόν
457 954 490 993 τε
515 932 618 1012 φίλην
641 925 696 993 καὶ
720 924 844 1011 νήπιον
866 924 953 992 υίόυ.

148 1033 189 1102 οὐ
214 1034 278 1121 γάρ
301 1033 392 1103 ίοῖδ’
418 1029 439 1120 ή
464 1039 511 1100 ἔτι
535 1054 618 1120 σφιν
641 1030 832 1119 ὑπότροπος
854 1034 965 1119 ἵξομαι
989 1024 1099 1117 αὖτις,

145 1138 167 1228 ἢ
192 1140 258 1228 ήδη
282 1138 316 1228 μ’
342 1139 407 1209 ὑπό
432 1141 524 1228 χερσὶ
547 1141 623 1208 θεοὶ
648 1142 798 1227 δαμόωσι
820 1137 992 1226 Ἀχαιῶν.“

237 1247 281 1329 τός
304 1247 369 1337 άρα
394 1247 552 1336 φωνήσας
575 1246 681 1334 ἀπέβη
704 1252 930 1334 κορυθαίολος
944 1243 1081 1335 Ἕκτωρ.

146 1353 229 1437 αἶψα
254 1354 287 1423 δ’
314 1354 420 1423 ἔπειθ’
448 1358 541 1423 ἵκανε
565 1353 691 1442 δόμους
714 1352 752 1423 έύ
775 1353 1004 1439 ναιετάοντας,

148 1460 224 1531 οὐδ’
250 1454 321 1551 εὗρ’
344 1460 575 1550 Ἀνδρομάχην
599 1460 807 1529 λευκώλενον
832 1463 868 1528 έν
891 1461 1102 1549 μεγάροισιν,
1217 1547 1219 1552 Α

146 1569 220 1637 ἀλλ’
246 1568 268 1657 ἥ
292 1598 328 1656 γε
353 1568 414 1652 ξὺν
436 1569 531 1637 παιδὶ
554 1568 609 1636 καὶ
633 1566 812 1660 ἀμφιπόλῳ
837 1570 986 1660 ένπέπλφ

146 1676 261 1769 πόργςο
286 1678 457 1765 ἐφεστήκει
481 1675 614 1762 γοόωσά
638 1702 672 1743 τε
694 1677 866 1763 μυρομένη
890 1703 934 1745 τε.

146 1782 273 1872 Ἕκτωρ
298 1783 328 1851 δ’
355 1783 400 1865 ὡς
424 1783 485 1853 οὐκ
509 1789 610 1851 ἔνδον
633 1780 790 1869 άμόμονα
813 1784 929 1870 τέτμεν
952 1782 1097 1867 άκοιτιν,

146 1898 221 1980 ἔστη
246 1891 295 1960 ἐπ’
322 1890 429 1961 οὐδὸν
454 1891 531 1975 ίάν,
556 1888 635 1977 μετὰ
660 1889 695 1956 δέ
721 1893 873 1978 δμωῇσιν
897 1896 1039 1959 ἔίειπεν·

146 2004 203 2081 ,,εί
225 1997 256 2068 δ’
285 1998 344 2085 άγε
368 2028 441 2086 μοι,
467 2003 590 2090 δμῳαί,
614 1997 776 2085 νημερτέα
799 1995 1016 2084 μυθήσασθε·

145 2111 190 2193 πή
214 2111 272 2194 ἔβη
294 2104 502 2194 Ἀνδρομάχη
526 2103 732 2182 λευκώλενος
755 2105 790 2170 έκ
814 2104 986 2194 μεγάροιο,

144 2211 185 2301 ήέ
205 2239 249 2302 πη
274 2216 307 2293 ές
329 2212 464 2301 γαλόων
487 2209 507 2299 ἢ
532 2211 710 2297 εἰνατέρων
735 2212 905 2279 έυπέπλων

144 2317 164 2407 ἢ
189 2323 222 2401 ές
241 2318 422 2408 Ἀθηναίης
446 2322 620 2405 ἐξοίχεται,
643 2322 728 2384 ἔνθα
751 2342 812 2404 περ
836 2316 933 2386 άλλαι

149 2430 258 2520 Τρῳαὶ
284 2430 484 2514 ἐυπλόκαμοι
508 2423 646 2510 δίειυήν
670 2422 755 2492 θεὸν
779 2422 1010 2505 ίλάσκονταιςιί

233 2535 293 2604 τόν
318 2532 349 2602 δ’
375 2526 448 2602 αὖτ’
476 2530 600 2619 ὀτρηρὴ
624 2535 723 2617 ταμίη
748 2530 831 2618 πρὸς
851 2537 965 2618 μῦθον
988 2537 1130 2601 ἔίειπεν·

144 2639 294 2730 ,ζἘκτομ
320 2642 388 2709 ἐπεὶ
411 2636 487 2727 μάλ’
514 2637 648 2724 άυωγας
670 2635 799 2724 άληθέα
822 2638 1060 2728 μυθήσασθαι,

146 2748 221 2816 οὕτε
244 2775 288 2837 πη
314 2750 346 2828 ές
369 2747 503 2834 γαλόων
528 2743 598 2813 οὔτ’
624 2745 803 2831 εἰνατέρων
828 2747 998 2818 έυπέπλων

145 2853 215 2921 οὔτ’
243 2858 276 2934 ές
295 2854 476 2942 Ἀθηναίης
500 2856 672 2939 ἐξοίχεται,
697 2857 783 2920 ἔνθα
806 2878 866 2941 περ
891 2852 988 2924 άλλαι

148 2963 257 3053 Τρῳαὶ
283 2964 484 3048 ἐυπλόκαμοι
510 2960 648 3047 δίειυήν
671 2960 756 3029 θεὸν
780 2960 988 3043 ἱλάσκονται,

144 3066 216 3136 ἀλλ’
243 3069 295 3136 ἐπὶ
318 3069 449 3156 πύργον
473 3074 532 3155 ἔβη
557 3069 661 3154 μέγαν
682 3063 798 3152 Ἰλίου,
823 3065 934 3138 οὕνεκ’
959 3069 1104 3139 άκονσεν

142 3182 312 3263 τείρεσθαι
340 3181 468 3263 Τρῶας,
493 3177 575 3263 μέγα
599 3175 636 3242 δὲ
659 3173 780 3261 κράτος
803 3172 888 3243 εἶναι
911 3175 1059 3265 Ἀχαιῶν.

142 3278 163 3368 ἢ
187 3282 248 3370 μὲν
273 3282 314 3370 δὴ
339 3282 422 3371 πρὸς
444 3297 551 3370 τεῖχος
575 3283 768 3367 ἐπειγομένη
792 3279 965 3370 άφικάνει,

142 3390 327 3478 μαινομένη
351 3401 516 3458 ίείικυῐα·
550 3391 644 3475 φέρει
668 3385 701 3456 δ’
727 3385 794 3475 ἅμα
818 3393 921 3457 παῖδα
943 3392 1098 3479 τιθήνη.“

231 3489 252 3583 ἦ
277 3499 319 3583 ῥα
343 3497 428 3583 γυνὴ
451 3503 564 3583 ταμίη·
598 3492 615 3564 δ
641 3493 671 3563 δ’
698 3494 863 3565 άπέσσυτο
889 3497 1041 3584 δείματος
1055 3496 1184 3586 Ἕκτωρ
1261 3521 1313 3570 390

144 3601 206 3688 τὴν
230 3599 338 3690 αὐτὴν
362 3602 444 3672 όδὸν
469 3596 562 3682 αὖτις
586 3604 777 3689 εὐκτιμένας
798 3603 870 3671 κατ’
895 3603 1023 3691 άγυιάς.

145 3701 219 3777 εότε
243 3710 348 3790 πόλος
371 3714 464 3778 ἵκανε
489 3708 703 3797 διερχόμενος
725 3711 808 3797 μέγα
830 3709 937 3780 λάστυ

144 3816 288 3902 Σκαιάς,
310 3821 349 3907 τή
374 3816 426 3904 ἄρ’
454 3823 566 3904 ε”μελλε
590 3821 771 3905 διεξίμεναι
793 3822 964 3904 πεδίονδε,

143 3923 216 3991 ἕνθ’
243 3923 364 4010 άλοχος
386 3923 583 4012 πολύδωρος
607 3926 741 4011 ἐναντίη
765 3917 850 4011 ήλθε
873 3927 1024 3996 θέλουσα

214 4082 265 4130 369
281 4102 315 4120 --
332 4082 382 4129 116
455 4082 507 4132 373
521 4104 555 4122 =
571 4080 602 4130 Ψ
615 4082 665 4131 106
739 4083 790 4132 678
807 4104 841 4123 =
856 4081 956 4135 52‘169.
977 4084 1006 4133 Χ
1015 4084 1077 4133 473.

215 4206 266 4255 665
286 4196 399 4255 οἶκόνδε
422 4195 572 4272 ἐλεύσομαι
590 4202 670 4257 codd.
690 4203 760 4256 dett.
832 4209 884 4258 367
904 4198 957 4273 γάρ
977 4198 1003 4257 τ’
1023 4204 1069 4259 Ac
1106 4199 1160 4274 γάρ
1181 4203 1223 4260 ἔτι
1242 4206 1265 4259 D
1281 4237 1314 4247 —

144 4278 171 4333 εί
190 4280 272 4349 Aeo,
300 4274 316 4349 ἢ
342 4282 453 4335 Bekker
471 4282 552 4337 Hom.
573 4281 613 4336 Bl.
636 4283 646 4334 Ι
666 4287 699 4335 59
720 4300 753 4335 ex
772 4283 912 4338 sententia
931 4283 1087 4340 Aristarchi
1106 4286 1143 4339 ad
1161 4285 1211 4340 Od.
1231 4288 1314 4341 6712

143 4366 194 4414 369
215 4359 403 4429 κορυθαιόλος
423 4361 444 4414 C
463 4381 499 4416 m.
519 4381 559 4432 pr.
580 4365 608 4416 et
627 4362 650 4415 D
670 4362 769 4417 dubito
788 4380 824 4417 an
843 4369 919 4419 recte
1009 4372 1062 4422 673
1082 4362 1232 4435 ἐφεστήκει
1253 4368 1314 4422 Δις

146 4436 307 4510 ἐφειστήκει
328 4441 400 4496 Aeo
474 4448 525 4498 376
546 4437 584 4497 εἷ’
604 4439 656 4512 άγε
676 4444 747 4499 coni.
767 4442 867 4499 Nauck
939 4451 991 4501 ³98
1010 4446 1121 4501 πεδίοιο
1138 4445 1172 4503 Ι).
