2962 5070
603 363 840 426 -111-

213 520 393 607 Ἀσβεστος
411 517 444 588 δ’
466 517 519 607 ἀρ’
542 520 667 604 ἐνῶρτο
685 521 790 603 γέλως
808 516 991 604 μακάρεσσι
1009 527 1143 587 θεοῖσιν
1163 519 1210 608 (Α
1229 525 1305 588 599.

128 629 157 686 θ
180 620 277 705 320),
299 620 395 705 γίλος
422 624 479 685 boc
501 641 590 684 versu
614 631 645 683 et
668 617 768 702 γέλον
791 623 821 682 iu
845 620 976 700 Odyssea
999 643 1021 683 v
1045 621 1073 682 8.
1097 621 1171 684 346.
1196 639 1216 686 σ
1239 624 1305 686 350

129 723 167 783 acl
196 723 361 802 analogiam
388 722 479 783 dativi
506 717 590 804 γέλῳ
619 734 640 781 σ
669 717 734 781 100
761 729 791 781 et
819 721 979 780 accusativi
1007 719 1086 798 ἔρον
1114 724 1146 782 A
1173 721 1247 783 409,
1276 725 1304 784 Β

129 819 199 883 432
222 819 441 909 resumendum
464 837 530 880 esse
551 818 702 880 bentleius
726 816 878 878 intellexit.
915 817 971 888 Qui
995 818 1145 880 adversari
1168 822 1306 882 videntur

130 938 238 982 sersus
260 922 288 981 θ
311 915 377 980 343
399 936 464 998 sqq.
487 919 649 978 recentiori
671 924 775 996 poetae
799 915 954 976 debentur.

223 1020 273 1081 At
290 1013 350 1079 κέν
371 1035 441 1088 πως
463 1007 583 1095 ἀρνῶν
605 1014 722 1094 κνίσης
744 1011 850 1094 αίγῶν
873 1034 907 1075 τε
930 1014 1065 1077 τελείων

221 1107 378 1195 βούλεται
402 1105 561 1186 ἀντιάσας
583 1103 664 1193 ἡμῖν
687 1103 752 1173 ἀπὸ
777 1105 894 1193 λοιγὸν
916 1105 1043 1193 ἀμύναι
1070 1107 1117 1195 (Α
1140 1111 1206 1187 07).

130 1214 254 1275 Curtius
274 1211 359 1273 Vcrb.
382 1209 471 1273 1172
494 1211 715 1271 coniunctivum
738 1202 871 1290 βούλετ’
897 1214 1029 1273 restituit
1057 1221 1087 1271 et
1116 1212 1252 1273 similiter
1275 1214 1303 1273 B

131 1309 200 1373 232
228 1302 343 1391 μίσγη’
376 1304 412 1370 ἐν
439 1300 593 1388 φιλότητι
621 1315 651 1367 et
677 1302 847 1390 καταΐσχη’
879 1301 959 1371 οὐδὲ
983 1309 1090 1371 ἔοικεν
1115 1310 1305 1371 scribendum

132 1429 200 1470 esse
224 1411 342 1470 monuit
364 1426 419 1487 pro
441 1405 585 1487 μίσγεαι,
598 1401 636 1466 ἐν
658 1414 689 1466 et
710 1406 901 1488 καταΐσχεαι
925 1400 1014 1471 οὐδέ.

220 1497 307 1569 Ἀλλ’
334 1497 379 1578 ὥς
400 1524 434 1566 τε
458 1495 562 1584 στήλη
585 1499 677 1583 μένει
701 1503 860 1585 ἔμπεδον,
883 1497 905 1586 ή
927 1496 958 1565 τ’
984 1499 1036 1567 ἐπὶ
1059 1498 1185 1590 τύμβῳ.

222 1597 343 1684 ἀνέρος
365 1596 492 1684 ἑστήκει
515 1594 699 1681 τεθνηότος
721 1594 760 1682 ήὲ
782 1596 942 1682 γυναικός
967 1599 1011 1685 (Ρ
1029 1598 1126 1688 435)·

132 1695 255 1785 ἕστήιιη
284 1705 506 1763 coniunctivum
534 1698 650 1778 legibus
677 1704 885 1778 grammaticae
916 1705 1028 1782 requiri
1052 1704 1154 1764 docuit
1177 1704 1209 1764 G.
1234 1703 1305 1763 ller-

133 1820 275 1881 mauuus,
321 1800 357 1860 de
399 1799 514 1879 legibus
555 1797 732 1876 quibusdam
774 1799 980 1861 subtilioribus
1017 1804 1163 1862 sermonis
1199 1801 1307 1861 llome-

134 1901 189 1959 rici
226 1898 252 1958 ll
290 1896 325 1979 6,
363 1897 452 1958 simili
488 1895 524 1956 de
564 1912 652 1955 causa
691 1895 844 1957 Bekkerus
881 1897 1032 1959 Nauckius
1070 1898 1199 1959 Cobetus
1237 1919 1304 1959 eon-

134 1999 283 2057 iunctiros
311 1986 423 2078 ὀροίρη
447 1995 484 2054 Π
504 1990 569 2054 633
596 2011 651 2072 pro
676 1983 870 2073 ὀρούρει·νοΙ
894 1986 1038 2076 ὄρωρεν,
1066 1987 1181 2078 ἀνύγη
1206 1997 1242 2057 H
1265 1994 1306 2057 74

133 2114 188 2174 pro
211 2086 353 2174 ἀνώγει,
377 2084 498 2174 δοκεύη
521 2092 550 2152 Θ
573 2088 638 2151 340
662 2109 716 2169 pro
740 2085 885 2169 δοκεύει,
909 2083 964 2152 ὅτε
987 2093 1154 2174 φρίσσασι
1183 2095 1220 2153 Ψ
1241 2090 1306 2154 599

135 2210 189 2271 pro
213 2183 269 2253 ὅτε
292 2181 678 2273 φρίσσονσι,ἑλιιήσωσι
702 2189 731 2248 Ρ
744 2185 809 2250 558
834 2207 888 2268 pro
912 2183 1101 2269 ἑλκήσουσι,
1125 2190 1307 2270 σκαίρωσιν

135 2289 169 2349 Κ
189 2287 257 2351 412
285 2307 340 2368 pro
369 2288 581 2368 σκαίρουσιν,
610 2279 852 2348 ἐπεντύνονται
877 2307 903 2347 ω
928 2285 969 2349 89
993 2308 1048 2369 pro
1072 2282 1307 2351 ἐπεντύνονται

136 2386 340 2448 restituendos
363 2405 429 2447 esse
453 2392 644 2446 censuerunt

221 2486 317 2564 Τρεῖς
326 2475 427 2565 γάρτ’
437 2475 619 2562 ἐκΚρόνου
628 2474 720 2561 εἰμὲν
730 2472 897 2562 ἀδελφεοί,
908 2473 968 2555 οὓς
977 2479 1087 2546 τέκετο
1096 2474 1307 2566 Ῥέα(018ἵ)

135 2583 319 2662 Corruptum
346 2600 412 2643 esse
441 2581 539 2641 locum
567 2581 731 2641 contractio
759 2578 885 2639 duarum
914 2580 1057 2641 vocalium
1088 2584 1217 2642 nominis
1235 2573 1308 2642 Ῥεά

135 2683 258 2741 minime
297 2680 417 2741 serenda
454 2681 629 2758 praesertim
668 2680 698 2737 in
731 2676 859 2737 Homero
892 2687 993 2756 aperte
1027 2679 1126 2759 dooet3
1163 2681 1308 2756 originem

134 2787 235 2840 antem
259 2777 447 2857 corruptelae
471 2795 506 2836 cx
531 2777 680 2854 scriptura
701 2775 788 2835 PEA
816 2774 888 2835 falso
918 2778 1096 2855 transcripta
1115 2779 1309 2855 repetendam

135 2887 168 2938 et
191 2873 264 2939 τέκε
289 2876 366 2937 Ρεία
390 2873 599 2954 corrigendum
623 2891 689 2933 esse
713 2873 820 2933 iudico.

226 2966 380 3055 ἀμηστής
402 2974 433 3034 Λ
452 2969 528 3033 454.
551 2972 583 3031 Χ
598 2969 650 3032 67.
674 2971 707 3031 Ω
726 2968 777 3032 82.
801 2968 880 3052 207,
904 2962 1052 3052 ὥμεστής
1074 2992 1151 3034 corr.
1170 2973 1310 3033 Wacker-

135 3072 280 3152 nagelius.

227 3161 418 3250 Μηκιστέος
448 3159 523 3240 νίός
554 3168 582 3229 Β
615 3164 690 3229 565.
727 3167 764 3225 Ψ
789 3163 869 3247 678,
900 3165 1095 3247 Μηκιστῆος
1125 3162 1200 3242 νίύς
1232 3187 1309 3229 corr.

137 3269 301 3329 Bellienus.

228 3361 359 3445 Πηλέος
386 3357 461 3437 νίός
483 3366 515 3424 A
537 3359 611 3424 489.
639 3362 670 3423 Τ
688 3358 767 3442 216,
791 3360 929 3442 Πηλῆος
951 3355 1025 3436 υίύς
1048 3382 1124 3424 corr.
1148 3364 1310 3425 Relrlrerus

215 3507 308 3578 ’Ἀλλ’
318 3507 410 3594 ἔβαλ’
420 3505 571 3595 ἐνθ’ίίρα
579 3533 613 3575 τε
621 3511 740 3594 φρένες
748 3511 880 3595 ἔρχαται
888 3504 1228 3595 ἀμφ’ἀδινὸνκήρ(Π
1233 3513 1311 3591 481)

140 3659 261 3720 Tradita
293 3659 386 3718 lorma
419 3655 552 3738 ἔρχαται
568 3675 640 3741 ,uon
670 3659 763 3736 magis
791 3675 878 3735 quam
906 3655 1024 3737 ἔρχατο
1052 3659 1081 3718 Ρ
1104 3654 1178 3718 354.
1207 3678 1218 3717 ι
1247 3655 1309 3718 221

139 3760 214 3818 ferri
231 3764 341 3838 'potesg
364 3754 512 3834 siquidem
530 3755 696 3834 perlectum
715 3754 948 3832 reduplicatioue
968 3755 1014 3815 vel
1033 3765 1190 3833 augmento
1210 3773 1312 3814 carcre

141 3858 259 3934 neqnit;
287 3873 345 3934 qua
372 3853 408 3914 dc
437 3871 525 3914 causa
554 3855 782 3933 transcriptione
812 3855 921 3913 veteris
943 3853 1126 3913 litteraturae
1159 3855 1312 3915 emendata

142 3956 290 4034 ελρχαται
323 3953 445 4031 scripsi,
474 3951 552 4030 quod
582 3970 617 4010 ex
649 3946 843 4033 ίείέρχαται
871 3951 960 4010 simili
987 3951 1074 4011 modo
1103 3963 1191 4031 atque
1219 3943 1313 4013 εἶδον

141 4072 177 4112 ex
203 4048 318 4112 ἔίιὸον
342 4058 373 4110 et
396 4042 525 4129 είμένος
548 4068 584 4109 ex
607 4044 806 4128 ίείεσρένος
829 4059 859 4110 et
882 4042 1032 4128 εἰρύαται
1057 4069 1091 4109 ex
1115 4043 1312 4131 ίείερύαται

142 4159 242 4237 prtum
265 4166 331 4208 csse
355 4146 440 4207 duco.

114 4237 119 4243 ’
231 4238 367 4331 ᾤκηθεν
390 4244 419 4305 Β
446 4240 511 4306 668
540 4263 576 4304 cx
603 4244 780 4323 ίοίκηθεν,
812 4237 935 4325 ήλκησε
963 4247 982 4306 λ
1010 4243 1074 4309 580
1102 4264 1138 4305 ex
1165 4240 1313 4326 ίέλκησε,

144 4336 238 4430 ἐῴκει
261 4343 295 4404 Ω
317 4339 392 4403 258.
415 4339 481 4404 630
505 4360 541 4403 ex
564 4341 723 4419 ίείοίκει,
747 4336 914 4422 εἰργάζετο
937 4364 958 4424 γ
981 4341 1045 4405 435
1070 4363 1105 4403 ex
1128 4338 1314 4424 ίεργάζετο,

142 4435 226 4523 ήσεα
250 4459 285 4502 ex
309 4437 424 4501 ίείύεα
447 4439 492 4501 vcl
516 4436 645 4503 ἐίείὸεα
668 4450 732 4501 orta
756 4459 821 4501 esse
846 4440 958 4502 duilium
982 4444 1037 4502 viri
1060 4442 1141 4502 docti
1164 4443 1314 4504 intellexe-
