2984 5092
633 314 855 378 ‚50-

160 484 186 542 si
214 488 281 559 post
310 488 448 558 quartum
476 477 585 538 librum
613 483 644 535 et
671 479 796 554 primam
825 488 940 557 partem
969 482 1065 558 quinti
1093 479 1163 539 libri
1189 481 1333 540 continuo

159 598 263 639 versus
291 580 323 638 Ε
347 573 538 655 ‹tu-486,
567 573 675 653 quibus
705 574 856 653 Sarpedon
885 580 1014 655 primum
1042 578 1207 656 inducitur,
1238 578 1334 656 perle-

161 678 249 753 geris.
286 675 360 737 Cum
384 677 463 734 enim
487 682 572 734 antea
595 684 682 752 poeta
707 675 743 735 de
767 676 873 756 Lyciis,
898 685 1047 755 tamquam
1071 694 1159 736 unam
1182 677 1335 735 nationem

157 792 260 833 eorum
279 774 404 849 noverit,
427 771 544 832 locutus
564 780 644 832 esset
663 771 711 849 (A
731 771 803 834 197.
823 771 897 835 207.
918 775 949 833 Ε
968 768 1054 855 173),
1079 773 1178 833 subito
1196 774 1334 832 oratione

157 871 337 951 Sarpedonis
360 871 391 931 E
413 866 477 929 479
501 862 647 948 τηλόθεν
671 867 743 932 ἵκω·
767 867 871 950 τηλοῦ
894 863 961 951 γὰρ
988 870 1094 949 Λυκίη
1122 863 1248 953 Ξάνθῳ
1281 863 1335 929 ἐπὶ

159 961 307 1047 δινήεντι
337 967 458 1028 alteram
483 985 548 1026 esse
573 968 722 1027 nationem
746 967 904 1046 Lyciorum
928 986 1021 1047 prope
1045 967 1196 1028 Xanthum
1219 966 1333 1027 llumen

155 1069 367 1145 comperimus,
395 1081 470 1143 quae
494 1063 582 1123 verba
607 1082 665 1142 qao
691 1065 812 1125 tendant
836 1083 883 1124 me
907 1085 966 1126 non
994 1068 1077 1147 tagit,
1101 1066 1153 1127 scd
1173 1073 1278 1143 argute
1299 1082 1335 1125 ea

157 1166 235 1226 dicta
258 1183 324 1224 esse
349 1164 447 1224 iudico
471 1162 637 1242 adLycios
660 1163 877 1242 meridionales,
905 1184 979 1243 quos
1003 1173 1089 1225 vetus
1114 1166 1189 1224 lama
1212 1164 1332 1241 ignora·

158 1271 253 1342 verat,
281 1259 472 1321 auctoribus
496 1263 585 1320 sociis
609 1259 807 1322 Troianorum
830 1262 1087 1323 discriminandos.
1133 1261 1227 1322 Acute
1253 1263 1336 1321 enim

158 1359 306 1437 Gisekius,
330 1356 413 1418 Hom.
434 1356 555 1417 Forseh.
578 1376 607 1435 p.
629 1354 691 1418 143
715 1376 789 1439 sqq,
813 1362 911 1437 arguit
935 1362 965 1419 in
989 1368 1090 1421 vetere
1114 1361 1190 1419 lama
1211 1357 1336 1418 Troiani

159 1457 242 1535 belli,
280 1475 338 1534 qua
370 1454 490 1514 Troiani
526 1473 594 1515 cuna
632 1473 724 1532 pauca
763 1475 852 1517 manu
888 1460 1144 1518 conterminorum
1180 1457 1334 1516 sociorum

157 1555 285 1615 Achivos
313 1572 403 1614 novas
431 1553 517 1613 sedes
540 1561 718 1632 quaerentes
743 1553 887 1631 repellere
911 1557 1010 1615 conati
1033 1574 1100 1616 esse
1123 1553 1332 1632 narrabantur,

158 1653 289 1714 solorum
321 1650 596 1729 septentrionalium
624 1650 781 1729 Lyciorum
810 1661 910 1731 partes
938 1654 1043 1733 tuisse,
1071 1660 1173 1731 postea
1201 1650 1334 1711 adscitos

158 1770 223 1812 esse
247 1749 454 1810 meridionales
477 1749 595 1827 Lycios,
623 1767 691 1808 cum
714 1749 789 1809 fama
815 1749 884 1809 belli
907 1750 942 1810 ad
966 1750 1053 1810 lones
1076 1750 1202 1810 Asianos
1225 1766 1335 1826 propa·

158 1859 223 1928 gata
252 1855 345 1928 esset,
373 1849 425 1925 qrri
453 1847 578 1924 propius
606 1845 642 1905 ab
671 1864 762 1924 regno
792 1846 973 1925 Sarpedonis
1001 1847 1123 1908 aberant
1147 1854 1177 1905 et
1201 1863 1333 1924 quorum

157 1945 276 2025 regulos
308 1942 466 2004 nonnullos
496 1963 512 2002 a
540 1942 649 2002 Glauco
677 1944 766 2022 Lycio
795 1946 940 2024 originem
968 1945 1089 2006 duxisse
1117 1942 1287 2017 Herodotus
1319 1941 1333 2002 l

160 2042 220 2105 147
251 2043 409 2102 memoriae
437 2039 576 2120 prodidit.
623 2037 721 2110 Quid?
754 2043 832 2120 quod
867 2044 933 2101 eius
961 2045 1006 2102 rei
1034 2042 1176 2103 indicium
1206 2042 1237 2101 in
1267 2043 1333 2119 ipsa

159 2158 278 2220 quoque
308 2138 397 2198 iliade
425 2137 509 2217 latet3
540 2155 605 2197 uam
635 2137 712 2216 quod
737 2138 893 2199 Diomedes
918 2139 944 2199 Z
972 2138 1033 2201 123
1058 2140 1201 2201 Glaucum
1223 2138 1333 2199 ducem

157 2239 315 2318 Lyciorum
334 2236 495 2315 alloquitur
513 2234 564 2307 τίς
582 2227 618 2295 δὲ
637 2227 679 2296 σύ
694 2231 777 2314 ἐστι,
797 2231 941 2316 φέριστε,
960 2235 1183 2318 καταθνητῶν
1197 2227 1332 2315 ἀνθρώ·

157 2353 241 2398 πων·
270 2327 312 2397 οὐ
340 2328 401 2414 μὲν
425 2325 489 2413 γάρ
513 2323 585 2393 τοτ’
612 2324 729 2395 ὄπωπα
753 2328 840 2418 μάχῃ
864 2335 915 2396 ἔνι
939 2333 1150 2416 κυδιανείρῃ,
1175 2334 1232 2395 boc
1258 2353 1332 2395 sane

158 2435 267 2493 mirum
286 2441 332 2491 est
351 2432 467 2492 decimo
487 2448 563 2490 anno
584 2429 661 2509 belli,
685 2433 820 2493 eiusdem
839 2452 927 2494 causa
947 2441 1046 2494 autem
1064 2435 1206 2512 aperitur,
1229 2435 1255 2493 si
1273 2432 1332 2493 boc

158 2531 245 2592 niodo
268 2538 399 2609 poetam,
428 2528 506 2608 qtrod
531 2531 561 2588 in
585 2528 829 2591 antecedentibus
853 2530 937 2591 libris
960 2530 1171 2608 veteribusque
1194 2531 1330 2590 carmini·

159 2629 215 2689 bus
239 2627 337 2706 Lyciis
364 2625 608 2687 meridionalibus
636 2626 733 2688 nullae
757 2637 856 2706 partes
881 2628 1010 2689 tributae
1036 2630 1159 2707 luerint,
1187 2644 1331 2687 excusare

159 2725 286 2786 voluisse
311 2733 483 2785 statuamus.
521 2724 581 2784 lam
605 2726 631 2783 si
654 2743 839 2803 quaeramus
863 2744 938 2804 quae
962 2729 1094 2787 earmina
1112 2725 1217 2804 Lycios
1242 2726 1329 2785 meri·

158 2823 289 2884 diouales
321 2839 484 2898 eorumque
517 2839 603 2899 reges
634 2821 835 2899 Sarpedonem
869 2832 898 2883 et
926 2823 1083 2904 Glaucum,
1116 2843 1191 2903 quae
1224 2824 1330 2903 Lycios

157 2918 404 3001 septentrionales
428 2936 591 2997 euntemque
615 2919 721 2979 ducem
742 2920 907 2981 Pandarum
932 2924 1068 2981 noverint
1093 2929 1181 3001 atque
1200 2921 1328 2983 illustra·

156 3021 265 3096 verint,
307 3019 337 3076 in
376 3016 498 3075 l'andari
542 3019 718 3077 strenuitate
759 3019 955 3096 praedicanda
993 3019 1106 3079 multus
1140 3028 1186 3080 est
1223 3028 1328 3081 auctor

158 3118 324 3178 carminum
358 3112 374 3174 l
409 3123 439 3174 et
467 3111 501 3193 a,
535 3113 688 3193 Sarpedon
720 3125 750 3176 et
781 3116 910 3177 Glaucus
943 3118 1020 3176 iuter
1052 3119 1199 3196 primores
1232 3120 1327 3178 socio-

158 3233 225 3276 rum
262 3212 419 3272 laudantur
456 3214 486 3271 in
524 3211 700 3290 interpolata
739 3222 823 3292 parte
859 3213 927 3274 libri
965 3215 1064 3293 quinti
1095 3223 1126 3275 et
1161 3218 1191 3275 in
1224 3217 1329 3275 earmi-

157 3312 245 3373 nibus
277 3309 325 3371 12.
356 3308 404 3371 13.
428 3307 481 3370 20.
509 3308 560 3370 22.
591 3307 642 3371 25.
671 3308 724 3371 26.
752 3308 808 3389 27,
835 3309 918 3389 Lycii
946 3313 1019 3370 socii
1043 3309 1239 3371 Troianorum
1263 3314 1327 3372 sine

157 3410 347 3471 distinctione
362 3407 487 3467 elatarum
503 3410 655 3468 nationum
670 3410 700 3467 iu
712 3410 782 3467 trito
793 3407 842 3468 illo
853 3427 941 3468 versu
955 3406 1066 3488 Τρῶες
1075 3403 1130 3469 καὶ
1143 3401 1263 3470 Λύκιοι
1274 3403 1329 3471 καὶ

159 3499 335 3587 Δάρδανοι
349 3495 570 3585 ἀγχιμαχηταί
579 3500 624 3584 (Α
634 3500 714 3588 236)
729 3508 804 3565 etin
819 3509 1042 3566 enumeratione
1058 3509 1206 3568 sociorum
1222 3508 1256 3568 K
1263 3504 1329 3569 430

159 3605 296 3686 appellati
321 3611 398 3681 suut,
423 3601 496 3662 nulli
515 3603 643 3682 denique
663 3603 745 3682 Lycii
764 3605 794 3662 in
813 3604 936 3683 reliquis
956 3604 1137 3666 carminibus
1157 3614 1328 3667 occurrunt

158 3703 280 3765 Accedit
313 3700 404 3780 quod,
438 3701 585 3779 quomodo
614 3700 815 3780 Sarpedonem
849 3701 884 3761 ab
918 3705 1084 3763 recentiore
1118 3712 1203 3781 poeta
1236 3705 1329 3764 veteri

158 3801 234 3862 libro
263 3802 367 3879 (priato
395 3806 463 3878 post
486 3801 632 3859 insertum
655 3817 721 3857 esse
746 3817 835 3877 supra
859 3800 1028 3881 docuimus,
1054 3801 1157 3861 eodem
1181 3801 1269 3863 modo
1292 3820 1327 3862 ex

157 3898 309 3959 l'alroclea
318 3898 497 3975 Sarpedonis
512 3895 808 3975 meridionaliumque
818 3898 975 3976 Lyciorum
987 3901 1227 3959 commemoratio
1238 3902 1328 3960 versi·

159 3998 214 4059 bus
234 3999 270 4057 H
285 3993 473 4076 ‹tio—697,
497 3998 606 4076 quibus
629 4015 727 4076 pugna
752 3995 878 4055 Patrocli
901 4014 970 4056 eum
989 3995 1158 4074 Sarpedone
1182 4005 1330 4076 narratur,

158 4115 216 4157 uua
240 4112 308 4154 cum
331 4093 387 4153 alio
411 4098 519 4154 veteris
539 4094 707 4155 Patrocleae
732 4092 1184 4173 supplemeut011303—-376
1204 4094 1330 4155 seclusis

159 4192 243 4254 laeile
286 4191 408 4252 tollitur.
464 4190 636 4269 Episodium
675 4200 773 4252 autom
811 4190 883 4252 illud
925 4192 961 4251 de
1004 4193 1184 4271 Sarpedonis
1225 4200 1329 4273 morte,

159 4291 291 4369 quamvis
328 4288 519 4349 vehementer
555 4293 668 4351 animos
705 4299 887 4351 commoveat
923 4298 953 4350 et
990 4290 1149 4370 praeclaris
1187 4294 1330 4352 orationis

159 4387 320 4448 lunuuibus
343 4387 517 4447 distinctum
541 4389 593 4468 sit,
621 4396 719 4449 tamen
743 4387 894 4466 exemplar
918 4388 986 4448 libri
1010 4387 1103 4468 XXll,
1127 4389 1206 4467 quod
1231 4408 1330 4450 aemu-
