2984 5092
637 353 850 416 „34-

159 515 234 575 libro
263 516 377 575 decimo
406 519 494 575 tertio
523 516 558 575 N
581 512 756 577 384—393
785 515 875 575 relata
904 517 962 574 iam
990 516 1021 574 in
1050 513 1226 575 duodecimo
1255 513 1335 575 libro

159 613 202 672 M
223 611 393 673 113-111
419 616 645 692 praenuntiatur
668 622 699 673 et
721 611 886 693 Ascalapbi,
910 611 962 671 dlii
986 610 1097 693 Martis,
1121 621 1216 672 morte
1240 614 1334 672 versi-

161 711 215 770 bus
249 712 285 770 N
310 708 487 772 :llo-320
520 720 635 772 narrata
670 711 859 771 vehementer
891 717 975 788 pater
1008 712 1073 770 eius
1103 710 1131 770 0
1156 706 1336 771 110-112

159 816 324 869 commotus
357 809 475 870 dicitur.
522 808 606 878 Quod
637 828 707 869 vcro
735 808 879 868 Troianos
906 825 999 909 prope
1027 807 1136 868 lessam
1163 816 1335 869 castrorum

159 926 266 967 currus
295 906 452 985 reliquisse
476 917 563 985 poeta
587 907 629 966 M
638 904 779 968 ’81-88
804 906 886 986 dixit,
910 906 949 965 ita
974 924 1028 984 per
1051 908 1149 966 omnia
1172 905 1246 968 baec
1270 925 1335 968 car·

158 1009 237 1065 mina
260 999 313 1088 (cl.
337 1005 373 1064 N
383 1001 463 1065 1136.
487 1002 607 1074 Ξ430.
632 1000 715 1086 03)
741 1006 876 1083 serravit,
900 1010 934 1062 ut
957 1002 1123 1081 Apollinem
1146 1005 1336 1083 marginibus

159 1106 253 1163 lossae
277 1105 414 1163 rescissis
438 1110 468 1162 ct
491 1102 550 1162 lato
574 1120 680 1180 aggere
705 1101 781 1161 lacto
804 1118 909 1160 rursus
928 1100 1080 1180 equitibus
1099 1100 1235 1162 Troianis
1255 1105 1335 1163 riam
1358 1090 1368 1107 ⁸

158 1202 193 1262 ad
204 1201 328 1261 classem
340 1200 568 1262 exscindendam
579 1202 740 1261 munivisse
752 1200 877 1276 lingeret
885 1196 1104 1260 canu-261.
1113 1196 1300 1261 ass-359.
1309 1196 1336 1283 ¹)

158 1298 303 1358 Nimirum
318 1300 491 1375 priusquam
507 1296 576 1356 libri
592 1296 705 1357 ita—0
718 1299 795 1357 intra
815 1304 930 1357 veteres
944 1306 1044 1375 partes
1059 1299 1335 1379 interponerentur,

158 1396 194 1455 ‹lc
218 1398 303 1475 equus
326 1394 446 1455 Troiani
470 1404 559 1474 atque
583 1394 686 1455 Achivi
709 1403 739 1454 ct
763 1395 793 1454 Λ
812 1390 864 1454 94.
892 1391 961 1454 1112.
984 1391 1054 1455 127.
1077 1392 1336 1456 15152810

159 1490 231 1553 ⁴345.
258 1493 292 1552 Π
317 1490 387 1553 145.
412 1489 475 1553 367
500 1509 632 1570 pugnare
656 1491 862 1572 narrabantur,
891 1510 948 1571 qua
972 1491 1008 1551 de
1032 1509 1120 1552 causa
1143 1500 1239 1573 poeta,
1264 1511 1333 1553 cum

158 1591 311 1670 Troianos,
334 1592 507 1669 priusquam
532 1591 639 1650 lossam
660 1592 829 1671 traicerent,
853 1589 889 1650 de
908 1591 994 1669 equis
1013 1589 1169 1650 desiluisse
1189 1590 1336 1671 duxisset,

160 1707 266 1749 rursus
300 1691 344 1748 eis
378 1707 471 1767 cqrros
500 1688 679 1748 ascendendi
707 1696 737 1748 et
764 1690 878 1748 moenia
906 1687 1064 1748 invadendi
1091 1689 1206 1766 copiam
1235 1689 1335 1749 lacere

158 1786 292 1847 debebat.
330 1786 464 1864 lienique
488 1787 582 1845 oratio
607 1803 724 1865 quoque
748 1786 854 1845 borum
878 1787 1043 1846 carminum
1061 1787 1208 1864 imprimis
1226 1789 1334 1848 carmi·

159 1902 229 1943 num
258 1882 390 1945 21-23
423 1882 459 1942 ab
493 1882 628 1942 ubertate
645 1891 692 1948 ,et
720 1882 877 1961 splendore
906 1882 1050 1943 librorum
1079 1883 1263 1945 ΑΕΛΠΧ
1281 1884 1334 1945 ali·

159 1991 301 2060 «picentum
331 1981 444 2042 recedit
472 1988 501 2039 et
525 1978 667 2039 nonnulla
690 1983 810 2059 propria
833 1990 863 2041 et
886 1980 1047 2060 peculiaria
1070 1980 1172 2061 babet,
1196 1981 1333 2043 velutin

160 2079 205 2140 lus
226 2079 296 2139 solis
316 2079 465 2157 reperitur
485 2070 537 2138 ἐπὶ
557 2067 588 2137 d'
610 2067 709 2150 ἀσπὶς
727 2072 839 2159 ἑάφθη
860 2079 897 2138 Ν
913 2074 1336 2157 nannetensibus

158 2175 231 2237 2211.
250 2175 324 2237 447.
346 2175 375 2235 0
397 2174 445 2255 18,
469 2167 674 2254 Καβησόθεν
694 2173 795 2237 ἔνδον
814 2169 914 2238 ἐόντα
933 2177 971 2237 Ν
985 2174 1050 2237 363
1069 2184 1100 2236 et
1119 2170 1332 2259 Κυθηρόθεν

158 2270 259 2334 ἔνδον
293 2267 390 2334 ἐόντα
421 2273 449 2332 Ο
475 2270 555 2350 438,
587 2265 790 2352 νισσόμενον
818 2267 1005 2354 πολεμόνὸε
1035 2273 1071 2333 Ν
1099 2270 1170 2335 186.
1198 2274 1230 2334 0
1257 2273 1332 2356 til,

158 2355 232 2430 αὖτ’
259 2365 389 2444 ἐξαῦτις
412 2371 448 2430 Ν
465 2368 538 2431 642.
564 2367 684 2430 0287.
723 2370 824 2432 Solum
848 2374 978 2450 primum
1001 2389 1121 2431 carmen
1146 2371 1236 2433 buius
1256 2372 1333 2453 cycli

159 2477 189 2529 ct
218 2488 316 2530 rerum
346 2471 488 2548 gravitate
517 2479 545 2528 et
575 2471 828 2547 comparationum
856 2469 1023 2548 frequentia
1051 2478 1140 2548 atque
1171 2470 1332 2549 splendore

159 2566 231 2627 nulli
255 2570 379 2628 carmini
403 2567 502 2627 lliadis
525 2567 615 2647 cedit,
647 2567 725 2627 trude
749 2577 847 2629 tamen
872 2568 951 2628 bunc
974 2568 1084 2628 lilnum
1108 2576 1223 2629 tantum
1247 2568 1333 2630 abest

158 2675 192 2725 ut
216 2684 231 2724 a
256 2668 395 2726 societate
420 2665 603 2745 reliquorum
627 2665 772 2727 librorum
797 2684 935 2727 sevocare
960 2667 1064 2746 ausim,
1088 2677 1122 2726 ut
1139 2665 1222 2728 Musa
1243 2686 1331 2748 qnam

249 2839 274 2904 1)
293 2838 395 2890 Confer
420 2836 454 2889 de
477 2837 531 2890 hec
554 2854 583 2890 re
607 2838 750 2906 praeclare
775 2837 965 2908 disputantem
990 2837 1251 2907 Friedloenderum,
1278 2840 1331 2895 Die

158 2918 238 2970 llorn.
261 2916 354 2970 Kritik
379 2933 434 2970 von
457 2916 536 2970 Wolf
556 2916 599 2971 bis
619 2917 704 2972 Grote
723 2937 749 2986 p.
770 2923 813 2972 53.
851 2919 972 2973 Canerns
995 2935 1119 2987 quoque,
1143 2918 1194 2973 Die
1218 2919 1331 2975 Ursorm

158 2997 265 3065 einiger
284 2995 461 3065 llbapsodien
486 2996 536 3049 der
559 2996 637 3065 Ilias,
662 2996 747 3051 libros
771 3000 868 3066 Λ-Π,
892 3014 1062 3067 quemquam
1081 2996 1331 3055 Lachmannienee

158 3077 324 3146 ‹lisciplince
349 3074 479 3129 addictus
503 3077 539 3131 sb
562 3078 661 3132 eodem
683 3080 769 3147 poete
792 3095 839 3133 eos
864 3077 955 3134 foetos
979 3079 1077 3149 neget,
1103 3081 1199 3132 tumen
1222 3079 1330 3134 amtine

158 3157 230 3210 inter
258 3172 287 3209 ee
315 3158 464 3211 cohaerere
492 3159 522 3210 et
553 3159 662 3228 cyclum
691 3175 738 3212 sex
762 3158 916 3214 carminum
941 3158 1066 3229 (Gruppe
1091 3175 1147 3214 von
1170 3158 1329 3229 Geslingen)

158 3237 268 3290 efficere
292 3236 430 3291 concedit.
468 3236 565 3306 Neque
590 3242 757 3307 argumente
780 3255 813 3292 ex
837 3239 965 3294 absentie
983 3239 1099 3293 deorum
1118 3239 1148 3292 et
1166 3238 1330 3295 diversitate

159 3316 326 3370 elocutionis
345 3316 438 3383 ducto,
457 3317 558 3385 quibus
577 3320 711 3373 commoti
729 3319 924 3374 Lechmsnuns
942 3318 1079 3388 multique
1097 3317 1151 3372 viri
1168 3318 1246 3374 docti
1263 3334 1329 3374 eum

158 3395 247 3450 secuti
271 3395 372 3449 librum
397 3399 432 3448 M
451 3413 468 3449 o
491 3395 569 3452 libris
593 3401 685 3453 Ν-0
708 3399 909 3470 seiungendum
932 3413 991 3452 esse
1014 3399 1193 3463 censuerunt,
1217 3398 1329 3453 tentum

158 3478 265 3543 velent,
294 3478 428 3542 quantum
456 3476 562 3531 iudicia
589 3479 744 3533 communis
771 3478 900 3549 originis,
929 3494 1000 3547 quse
1028 3494 1112 3547 supra
1139 3477 1328 3546 exposuimus.

158 3557 203 3612 Sic
227 3557 302 3625 qnod
322 3556 543 3626 Sehoemunnus,
562 3557 597 3611 de
620 3559 767 3614 reticentis
789 3559 902 3614 Homeri
925 3577 952 3628 p.
971 3564 1015 3623 2³,
1034 3558 1069 3611 de
1088 3557 1242 3611 animorum
1261 3558 1328 3613 aba·

156 3636 307 3691 lieuotioue
332 3637 360 3689 et
383 3631 570 3710 ἐθελονακίᾳ,
593 3654 662 3706 qnos
686 3640 833 3708 Neptunus
853 3640 884 3691 N
903 3635 1042 3691 ltu-122
1062 3636 1193 3707 segnibus
1210 3637 1328 3693 Achivis

156 3719 312 3786 exprobret,
332 3716 359 3770 in
380 3717 450 3771 libro
471 3721 504 3771 M
519 3718 590 3773 nihil
609 3718 761 3787 significari
781 3717 858 3786 dicit,
878 3718 930 3773 hoc
950 3733 984 3770 ex
998 3716 1116 3772 adverso
1129 3717 1251 3786 fortune,
1270 3737 1328 3789 que

156 3797 242 3852 animi
262 3796 432 3852 Achivorum
452 3799 620 3868 expugnetis
639 3799 785 3854 moenibus
806 3798 926 3868 perculsi
945 3800 1023 3866 sunt,
1047 3798 1224 3866 aliquatenus
1244 3815 1326 3856 exen-

156 3879 211 3932 seri
235 3878 413 3944 crediderim,
438 3882 513 3933 certe
539 3894 595 3933 non
614 3879 655 3933 ite
677 3882 871 3949 comparatum
891 3881 946 3946 est,
972 3882 1003 3933 nt
1021 3879 1058 3933 eb
1077 3878 1176 3933 eodem
1195 3881 1282 3948 poete
1299 3880 1329 3936 in

155 3974 228 4013 novo
256 3958 379 4013 carmine
406 3975 464 4013 non
489 3959 586 4028 paullo
613 3960 696 4016 111111
723 3959 792 4030 tingi
819 3959 958 4029 potuerit3
987 3960 1062 4029 qnod
1090 3959 1164 4013 idem
1190 3959 1269 4014 velet
1291 3961 1327 4015 de

155 4039 287 4108 Neptuno
310 4042 371 4091 tum
395 4038 521 4108 demum,
545 4055 607 4092 enm
631 4038 758 4110 luppiter
781 4038 877 4108 oculos
900 4039 929 4093 id
952 4040 1037 4093 eliam
1056 4043 1166 4109 partem
1186 4044 1329 4097 averteret

155 4123 184 4172 et
207 4120 345 4173 humanos
365 4134 432 4187 opes
452 4119 525 4173 cludi
545 4121 574 4172 st
592 4118 775 4175 internecioni
794 4120 962 4175 evertendae
980 4137 1035 4175 non
1055 4119 1113 4175 iam
1141 4118 1329 4191 sufficiebant,

155 4200 212 4253 suis
236 4199 351 4254 Achivis
376 4214 459 4268 opem
482 4198 602 4264 ferente
626 4217 716 4270 neque
739 4218 805 4256 vero
830 4201 854 4255 si
877 4200 949 4255 liber
974 4204 1009 4254 M
1027 4199 1149 4270 egregiis
1174 4199 1328 4256 luminibus

90 4302 94 4309 ·
155 4283 289 4335 orationis
317 4285 347 4335 et
374 4280 483 4335 fervide
511 4280 539 4334 vi
562 4280 694 4335 narrandi
717 4285 828 4351 praeter
851 4283 958 4335 ceteros
984 4279 1110 4348 excellit,
1139 4280 1175 4334 od
1201 4279 1327 4337 diversos

154 4362 281 4415 crrctores
299 4362 398 4415 horum
417 4361 552 4416 librorum
566 4362 647 4415 nobis
662 4361 879 4430 confugiendum
893 4365 945 4431 est,
960 4360 1091 4428 quoniam
1106 4359 1178 4414 nulli
1192 4377 1327 4430 umquam

154 4443 253 4509 poetro
272 4441 367 4495 11111111
385 4441 490 4511 puriter
508 4443 711 4496 successerunt.
