2984 5092
644 318 864 380 ,92-

167 480 208 540 illi
232 499 328 559 neque
348 482 466 540 initium
486 498 583 559 neque
603 483 669 540 linis
689 500 785 559 sicque
805 483 938 560 corporis
958 490 1004 541 sat
1022 498 1145 559 magnus
1163 476 1343 561 ambitus¹);

166 581 298 638 continet
326 581 405 637 enim
429 580 557 656 primum
582 581 810 656 Agamemnonis
834 589 864 638 el
886 577 1008 639 Acbillis
1031 577 1200 658 dissidium,
1227 580 1342 641 loritem

166 685 195 736 et
219 678 363 753 originem
388 676 479 736 cladis
499 684 529 735 et
548 694 648 735 rerum
668 679 871 737 conversionis
890 671 937 759 (A
953 669 1108 758 1-305)‚
1127 676 1235 737 deinde
1255 674 1343 757 lonis,

166 775 272 834 summi
302 792 403 833 rerum
432 774 627 833 humanarum
656 778 794 855 rectoris,
823 774 980 836 consilinm
1003 774 1145 835 Achillem
1175 773 1343 836 ulciscendi

165 866 212 953 (A
236 865 426 954 3tn5--rin.),
456 881 518 931 tum
542 873 789 950 Agamemnonem
817 882 885 952 post
913 892 1006 952 pauca
1035 871 1184 951 praeclara
1208 873 1343 934 lacinora

166 968 351 1029 rrrlnerottnn
379 977 410 1028 et
437 968 564 1029 Aclriros
592 971 674 1030 lusos
698 980 728 1032 et
751 971 882 1033 devictos
911 967 956 1052 (A
982 968 1139 1052 1-595),
1168 989 1259 1049 ptorro
1288 969 1343 1032 l'a·

166 1066 291 1127 troclum
338 1070 368 1128 in
416 1086 531 1127 summo
575 1086 675 1129 rerum
713 1069 884 1130 discrimine
924 1088 979 1148 ope
1019 1068 1141 1130 Achillis
1183 1068 1342 1147 implorata

166 1165 286 1225 Acbiris
315 1166 449 1227 subsidio
481 1168 617 1247 missum,
646 1167 682 1227 ab
706 1165 867 1245 Euphorbo
896 1175 925 1226 et
953 1165 1081 1226 Hectore
1110 1184 1165 1244 ope
1194 1166 1343 1245 Apollinis

165 1267 378 1342 interemptum
411 1268 536 1344 eiusque
569 1282 679 1343 corpus
706 1282 793 1341 aegre
821 1266 852 1325 in
880 1273 975 1326 castra
1005 1264 1184 1325 Achivorum
1212 1265 1342 1327 relatum

165 1356 214 1438 (II
234 1370 263 1421 et
286 1356 336 1443 P),
356 1363 392 1423 ad
417 1371 599 1440 postrcnnnn
619 1362 759 1422 Achillem
780 1362 880 1423 delore
899 1365 990 1423 occisi
1009 1365 1096 1423 ornici
1115 1365 1342 1445 exsuscitatum,

163 1469 296 1518 catervas
319 1460 514 1520 Troianorum
545 1463 694 1538 lugentem
718 1469 807 1539 attprre
831 1463 861 1521 in
886 1458 1060 1520 Scamandri
1082 1459 1223 1521 ductibus
1248 1463 1341 1522 truci·

163 1556 296 1636 dantem,
325 1559 453 1637 (lenique
483 1557 639 1619 llcctorcm
668 1569 736 1618 anto
764 1561 878 1617 moenia
908 1556 992 1617 nrlris
1019 1557 1055 1617 ab
1079 1577 1114 1617 eo
1137 1559 1272 1619 occisum
1296 1554 1344 1639 (Τ

162 1653 337 1735 :tsi-sio,
367 1657 398 1715 Φ
432 1655 576 1737 1--227,
606 1657 638 1716 Φ
656 1654 809 1716 ouo-X
829 1649 900 1736 tin.)¹
947 1654 992 1714 En
1016 1674 1133 1735 poema,
1160 1657 1240 1734 quud
1266 1656 1341 1719 ller-

164 1772 289 1813 mannus
313 1757 471 1834 spiramini,
495 1756 557 1814 lere
581 1754 700 1833 plenum
726 1755 972 1832 redintegratum,
997 1756 1099 1831 parmis
1123 1755 1250 1815 sortasse
1275 1774 1341 1817 ver-

161 1848 245 1909 sibus
269 1852 347 1911 inter
370 1851 462 1912 lilnos
481 1853 511 1911 Λ
531 1862 560 1911 et
581 1854 614 1912 ll
638 1860 816 1930 nnncattnn,
840 1870 915 1930 qrros
940 1852 1124 1928 interpositis
1142 1851 1341 1930 amplioribus

161 1950 343 2010 carunculam
369 1951 410 2010 M
415 1951 481 2011 --0
506 1961 670 2011 summotos
694 1969 759 2011 esse
785 1948 936 2029 probabile
960 1956 1013 2009 est.

252 2047 440 2108 lllnltilariam
469 2068 538 2109 rcro
567 2041 721 2128 antiquum
749 2048 820 2109 illud
850 2065 953 2126 poerm
977 2046 1014 2107 ab
1038 2049 1102 2106 (ritis
1125 2057 1248 2108 auctore
1273 2051 1340 2128 ipso

161 2154 191 2204 cl
215 2147 261 2225 iis,
285 2148 336 2225 qni
360 2146 545 2225 praeclarum
569 2148 743 2224 signilernm
767 2148 861 2206 secuti
881 2144 996 2204 illustre
1015 2162 1117 2222 poema
1138 2145 1340 2227 divulgabant,

162 2245 202 2302 ito
226 2243 383 2304 adauctum
408 2254 438 2305 et
460 2244 669 2322 amplificatum
689 2254 743 2325 est,
768 2253 801 2304 ut
820 2261 894 2322 quac
914 2244 987 2321 ipse,
1010 2262 1085 2321 (puae
1105 2242 1154 2303 alii
1173 2244 1341 2307 adiecerint

161 2352 219 2402 tam
251 2343 370 2404 diliicile
399 2344 555 2421 dignoscas
584 2362 672 2422 quiam
697 2344 820 2422 llerpriei
844 2339 964 2400 Mozarli
993 2342 1136 2417 gernrinas
1164 2350 1194 2401 et
1222 2341 1339 2405 adulte-

162 2442 242 2500 rinas
266 2450 373 2520 partes.
420 2444 516 2521 Atque
540 2444 670 2520 prunum
693 2447 883 2502 accesserunt
907 2440 1038 2499 carmina
1061 2437 1090 2499 3.
1113 2437 1232 2520 5—10‚
1258 2460 1338 2520 quae

161 2548 194 2598 ut
225 2538 417 2599 inlicerentnr
445 2539 567 2599 llomeri
601 2548 632 2598 ct
659 2539 884 2599 llomeridarnm
913 2537 1074 2616 plurimum
1102 2539 1254 2599 intererat
1303 2540 1337 2602 lu

160 2647 259 2697 vetere
272 2636 446 2697 cnirnlliade
456 2640 537 2697 circs
547 2637 668 2698 llomeri
678 2637 783 2697 Aeoles
793 2645 823 2696 et
833 2637 918 2696 lones
929 2635 1030 2694 laudes
1044 2652 1168 2696 snorum
1178 2638 1338 2721 uraiorum,

160 2754 235 2814 spirae
257 2754 361 2811 magno
378 2737 496 2794 nomine
512 2735 699 2795 conditorum
716 2754 836 2795 serarum
851 2736 984 2812 gentium
1000 2733 1105 2812 dignae
1121 2744 1231 2815 essent,
1245 2754 1336 2815 aegre

159 2851 247 2910 «piram
275 2834 399 2892 inanime
428 2832 613 2892 desiderasse
643 2851 696 2910 par
719 2842 772 2892 est.
818 2832 889 2892 lnde
914 2840 1000 2911 poeta
1023 2831 1257 2914 sollertissimus,
1280 2837 1336 2915 qui

158 2929 318 2989 mullorum
348 2947 445 2989 nrores
474 2938 503 2988 et
532 2929 623 2990 rrrltes
651 2933 740 3009 novit,
769 2948 927 2991 numerum
955 2931 1123 3008 principum
1152 2931 1333 2993 Achivorum

158 3037 188 3087 et
212 3029 361 3085 sociorum
380 3026 576 3087 Troianorum
602 3046 669 3088 cum
694 3028 758 3088 aliis
782 3038 844 3089 turn
865 3028 1034 3107 Sarpedone
1055 3036 1084 3087 ct
1103 3027 1212 3089 Glauco
1233 3029 1334 3109 Lyciis

158 3125 279 3184 adscitis
312 3126 436 3185 mirilice
469 3128 565 3205 arnit,
597 3135 626 3186 et
660 3135 693 3186 nt
725 3126 878 3205 splendida
908 3125 1076 3204 spectacula
1105 3129 1335 3204 cxpngnationis

158 3230 325 3281 castrorum
349 3223 500 3303 procideret,
525 3243 609 3283 nnrro
634 3232 729 3284 castra
749 3227 845 3285 cineta
864 3233 1050 3285 commentus
1070 3232 1123 3284 est.
1161 3224 1237 3284 'lum
1257 3225 1335 3287 alius

160 3319 278 3397 (pridem
312 3329 399 3398 poeta
432 3341 467 3381 cx
502 3341 625 3381 numero
658 3340 775 3401 eornm,
807 3321 916 3400 qnilnrs
946 3321 1091 3381 llomerns
1120 3340 1171 3381 sna
1201 3325 1334 3385 camnine

158 3417 350 3477 custodienda
378 3419 529 3478 recitanda
558 3419 733 3497 divulganda
756 3414 926 3501 tradidit2),
955 3437 1022 3479 cum
1046 3419 1232 3497 praeclarum
1256 3440 1334 3501 opus

248 3604 274 3668 1)
296 3598 373 3653 llaec
400 3599 429 3652 in
454 3598 577 3666 paerfecbu
602 3602 731 3669 poemate
757 3599 857 3655 merite
882 3598 1020 3669 postulari
1045 3600 1223 3669 Aristoteles,
1256 3606 1333 3671 poet.

157 3698 179 3733 c.
210 3685 224 3732 7
251 3677 387 3748 esposuit.
436 3678 490 3733 Sed
518 3678 589 3733 illud
613 3698 723 3748 quoque
748 3680 865 3749 dignum
894 3681 1030 3735 adnotatu
1056 3683 1113 3747 cst,
1139 3681 1213 3748 quod
1242 3683 1334 3739 veteri

159 3759 283 3827 poemati
308 3757 419 3824 iliadis,
446 3758 530 3827 quale
553 3776 602 3819 nos
626 3759 811 3829 restituimus,
841 3760 898 3814 lere
921 3759 945 3812 is
969 3760 1091 3814 ambitus
1110 3763 1140 3814 eb
1161 3760 1261 3815 modus
1280 3766 1334 3831 esi,

156 3854 239 3906 quem
259 3838 325 3893 iusti
345 3838 482 3906 poematis
497 3839 612 3893 modum
627 3858 687 3894 esse
702 3840 750 3894 ille
764 3841 855 3895 voluit
869 3842 955 3909 (poet.
973 3857 995 3893 e.
1011 3842 1056 3907 24)
1073 3841 1102 3893 et
1115 3857 1199 3907 quem
1214 3842 1332 3910 apollo-

157 3918 220 3971 nius
240 3916 364 3971 llbodius
384 3923 536 3988 praccepta
555 3919 716 3989 philesophi
735 3926 847 3976 secutus
866 3922 895 3974 in
914 3920 971 3975 suis
985 3919 1184 3989 Argonsulieis
1198 3921 1333 3978 servasii.

245 4003 272 4065 ⁶2)
301 3997 390 4050 liuius
418 3998 459 4052 rei
487 3999 609 4067 vestigio
636 3999 664 4053 in
692 3999 931 4056 Pseudohcrodoli
958 4000 1019 4055 vito
1046 4000 1173 4067 Homeri,
1201 4003 1333 4069 quamvis

156 4077 309 4132 niuximuur
338 4079 447 4146 parbem
475 4078 673 4133 commenticia
701 4083 730 4135 eb
757 4081 917 4151 nugatoria,
946 4082 1100 4150 repperisse
1129 4080 1198 4135 mihi
1224 4083 1331 4139 videor.

157 4157 217 4210 lluc
245 4157 319 4210 enirn
343 4158 438 4223 lutire,
467 4160 540 4226 quod
565 4160 700 4214 Homerus
725 4160 859 4230 Οἰχαλίας
882 4155 986 4215 ἅλωσιν
1006 4161 1162 4230 Creophylo
1185 4163 1332 4230 tamquam

156 4239 310 4292 mercedem
339 4237 487 4307 hospitalis
515 4241 658 4293 convietus
686 4239 835 4295 tradidisse
862 4244 891 4294 et
918 4238 952 4295 τὰ
982 4236 1096 4306 Κύπρια
1125 4240 1238 4297 Siccine
1265 4242 1331 4297 loco

156 4318 230 4371 dot-is
257 4317 332 4371 filiae
360 4317 479 4371 donasse
507 4320 536 4371 ct
563 4336 678 4387 parvam
703 4321 817 4374 llimlem
846 4325 930 4389 atique
955 4320 1123 4375 l’hocaidem
1149 4319 1177 4374 in
1205 4320 1332 4390 hospitio

156 4398 338 4451 'l'heeluridoe
358 4396 544 4452 l’lrocseensis
563 4397 662 4453 iecisse
681 4404 817 4453 narratur.
