2962 5070
581 350 821 415 -129-

108 510 222 593 ἐέιόης
247 517 279 574 Α
301 511 375 575 468.
402 511 476 574 602.
498 514 526 573 Β
551 511 613 574 431
640 523 695 575 etc.
742 513 889 574 Aeolicam
913 515 1005 592 igitur
1029 514 1152 573 sormam
1176 511 1282 572 horum

109 610 323 672 vocabulorum
346 613 425 672 tueri
448 610 541 672 multo
566 613 743 690 prudentius
768 610 839 671 duxi
862 629 951 690 quam
975 630 1043 671 curn
1063 610 1156 688 Anglo
1175 609 1283 689 Papne-

109 707 222 787 Knight
250 701 441 790 aiffa'puoav
470 699 624 790 o’affo'axoo
649 712 813 788 corrigere,
842 711 927 769 cuius
952 711 1149 769 temeritatem
1173 708 1284 768 Cobeto

108 825 229 886 quoquc
254 806 401 884 placuisse
425 823 483 866 non
508 825 630 885 possum
653 825 712 867 non
737 808 847 866 mirari.
884 806 942 866 Sed
965 809 1052 866 etiam
1073 805 1124 867 ubi
1143 805 1284 866 aeolieam

108 904 235 964 formam
261 923 320 965 non
344 907 506 965 necessitas
525 906 612 965 metri
633 904 819 984 suggerebat,
843 903 894 962 sed
915 903 974 962 sola
995 903 1188 963 commoditas
1207 923 1285 963 eorn-

109 1001 278 1080 mendabat,
302 1001 396 1062 iacilis
419 1003 475 1062 tuit
498 1001 645 1062 Homerus
670 1005 699 1061 in
725 1001 903 1080 recipiendis
928 1003 1031 1061 formis
1055 1020 1178 1061 suorum
1203 1000 1284 1060 audi-

109 1111 209 1160 torum
235 1098 359 1159 auribus
382 1118 479 1179 neque
498 1102 657 1178 incognitis
678 1118 774 1181 neque
793 1101 926 1180 ingratis,
951 1119 1078 1179 quorum
1098 1120 1131 1159 ex
1161 1118 1284 1160 numero

107 1198 286 1258 notabiliora
311 1206 393 1258 sunt:
1029 1192 1032 1198 ’

200 1287 300 1357 εὔαδε
316 1323 358 1344 =
373 1292 471 1355 diade
495 1292 526 1365 Ξ
546 1293 619 1356 340.
644 1296 673 1355 Ρ
692 1294 766 1357 647.
790 1314 813 1355 ιτ
837 1294 893 1376 28,

199 1393 337 1474 πίσυρες
352 1421 394 1442 =
408 1388 563 1474 τέσσαρες
587 1394 616 1453 0
640 1391 713 1455 680.
741 1394 778 1453 Ψ
802 1391 873 1454 171.
897 1394 930 1454 Ω
954 1391 1026 1454 233.
1051 1414 1066 1454 ε
1087 1391 1137 1467 70,

200 1483 347 1571 ἀπεύρας
365 1493 393 1551 Θ
416 1488 480 1572 237
505 1500 535 1551 et
558 1480 713 1572 ἆιιεύρων
737 1495 768 1552 A
791 1488 858 1552 430
880 1492 902 1551 Ι
926 1488 996 1552 131.
1023 1491 1054 1551 Τ
1073 1490 1124 1552 stt.
1152 1493 1190 1551 Ψ
1210 1488 1285 1553 560.

106 1588 184 1651 808.
209 1611 230 1651 ν
256 1587 333 1668 132,
810 1636 820 1656 .

197 1680 394 1768 καλαύροπα
426 1679 463 1747 Ψ
489 1684 567 1769 845,
594 1682 798 1769 ταλαύρινον
822 1690 851 1748 Ε
873 1685 946 1749 239.
971 1688 1009 1747 Η
1028 1685 1102 1748 239.
1129 1689 1158 1747 l‘
1180 1686 1230 1749 78.
1256 1688 1289 1748 Χ

105 1776 183 1867 267,
208 1779 334 1865 εὔληρα
361 1787 399 1846 Ψ
414 1783 489 1866 481,
512 1779 723 1859 ταναύποδος
742 1808 753 1847 ι
773 1785 847 1867 464,
871 1777 1011 1864 εὔκηλος
1031 1788 1061 1845 Α
1080 1782 1153 1846 554.
1170 1787 1199 1846 Ρ
1210 1785 1282 1847 371.

107 1907 129 1965 γ
158 1883 233 1947 263.
257 1882 275 1958 ξ
298 1882 378 1958 473,
406 1903 440 1943 ex
460 1876 654 1964 καλοὲλροιια
677 1878 882 1965 ταλάέρινον
906 1882 1029 1963 ἔλληρα
1053 1878 1284 1957 ταναέόιιοδος

109 1983 253 2063 ε’,λκηλος
275 1982 433 2062 liquefacta
458 1982 553 2042 littera
579 1982 723 2059 digamma
747 1991 824 2062 orta,

200 2073 402 2162 πεμπώβολα
422 2083 453 2140 A
471 2078 536 2140 463
560 2089 591 2141 et
613 2101 634 2159 γ
656 2078 732 2161 460,
756 2080 833 2159 quod
859 2080 1034 2148 vocabulum
1058 2099 1093 2141 ex
1118 2071 1236 2160 ὀβολὸς
1256 2092 1286 2143 et

108 2180 224 2239 aeolico
257 2174 362 2259 πέμπε
395 2181 591 2257 compositum
624 2198 693 2239 cum
726 2181 819 2239 sacris
849 2179 971 2239 Aeolum
1006 2180 1165 2240 cohaerere
1194 2180 1286 2239 relert

109 2276 412 2339 Pseudo-llerodotus
437 2280 486 2338 vit.
510 2277 630 2337 llonrori
655 2298 680 2337 c.
700 2274 752 2337 37.

200 2369 418 2456 κεκλήγοντες
441 2376 485 2437 Μ
506 2373 577 2436 125.
603 2379 639 2436 Π·
658 2373 731 2435 430.
757 2375 786 2434 Ρ
801 2372 874 2435 756.
895 2371 967 2435 759.
988 2371 1004 2448 ξ
1023 2373 1079 2455 30,
1104 2376 1182 2454 qnod
1205 2378 1284 2436 enirn

108 2473 303 2534 Aristarchus
340 2476 431 2536 nimio
471 2473 538 2535 odio
572 2472 781 2534 aeolismorum
813 2473 984 2552 compulsus
1016 2471 1217 2553 κεκληγῶτες
1250 2475 1285 2534 ad

110 2574 277 2652 analogiam
306 2574 468 2634 formarum
496 2569 665 2652 μεμαῶτες
693 2581 722 2632 el
750 2569 936 2651 τεθνηῶτες
960 2570 1092 2632 scrihere
1116 2591 1207 2633 ausus
1231 2582 1285 2652 est,

110 2674 234 2734 minime
262 2671 332 2731 nrihi
357 2671 476 2750 quidem
501 2670 662 2755 probatur,
679 2672 817 2751 quoniam
843 2689 917 2749 quae
941 2689 1029 2730 cansa
1054 2671 1089 2730 ad
1114 2671 1285 2750 productio-

108 2791 179 2832 nem
203 2769 312 2830 rocalis
336 2768 454 2830 illorum
478 2768 637 2829 verborum
661 2788 695 2829 ex
720 2761 902 2847 μεμαέότες
924 2761 1124 2848 τεθνηλότες
1148 2778 1284 2830 natorum

108 2868 309 2931 excusandam
333 2877 364 2927 et
387 2867 601 2928 defendendam
626 2867 714 2947 valet,
741 2865 771 2925 id
796 2866 830 2926 ad
856 2865 912 2926 hoc
936 2866 1059 2926 verbum
1083 2885 1142 2926 non
1166 2868 1287 2954 attinet3

110 2986 168 3046 qua
193 2967 230 3026 de
256 2985 343 3026 causa
367 2974 482 3027 tanturn
506 2964 603 3044 abest,
626 2974 660 3024 nt
683 2963 846 3024 Aristarchi
870 2973 1072 3023 correcturum
1097 2964 1230 3044 probem,
1253 2974 1287 3024 nt

110 3068 200 3126 etiam
229 3073 332 3123 contra
357 3061 500 3123 librorum
526 3063 613 3122 tidem
642 3063 670 3122 B
693 3059 758 3122 314
780 3060 990 3141 τετρίγοντας
1014 3080 1067 3140 pro
1090 3059 1287 3142 τετριγῶτας

110 3161 317 3242 reponendum
341 3180 407 3220 esse
431 3179 576 3221 censeam.
615 3159 770 3220 Praeterea
795 3159 958 3218 inlinitinrs
982 3161 1108 3238 perlecti
1127 3167 1286 3239 γεγωνεῖν

113 3261 155 3321 Μ
183 3257 264 3339 337,
297 3278 385 3338 quern
418 3261 519 3319 nescio
552 3277 587 3318 an
622 3260 733 3318 rectius
766 3249 926 3335 yeyodveev
960 3257 1087 3338 scribas,
1124 3257 1286 3335 analogiam

111 3358 240 3418 aeolicae
270 3356 386 3418 dialecti
415 3360 499 3437 sequi
528 3356 655 3417 videtur.
700 3354 772 3415 Nam
801 3357 951 3434 ineptiunt
979 3358 1031 3435 qui
1059 3364 1174 3415 ceteras
1197 3355 1286 3415 huius

113 3455 196 3517 verbi
225 3456 338 3515 iormas
367 3455 479 3516 ordinis
508 3463 730 3515 contractorum
759 3472 824 3513 esso
853 3454 970 3533 dicunt,
998 3462 1101 3514 contra
1125 3454 1230 3514 Aeoles
1255 3461 1287 3512 nt

112 3549 220 3636 φέρην
249 3562 279 3613 et
307 3546 431 3633 λάβην,
461 3556 503 3613 sic
531 3546 746 3632 τεθεωρήκην
774 3554 892 3630 ἰμιοιμιο
921 3558 951 3609 et
978 3544 1148 3631 τεθνάκην
1176 3552 1287 3612 dixisse

113 3659 244 3732 constat3
268 3651 304 3711 ol.
323 3650 454 3732 Meister,
478 3651 529 3711 Die
554 3650 665 3730 griech.
685 3649 755 3709 Dial.
778 3648 789 3707 l
809 3669 836 3727 p.
860 3646 931 3709 136.
968 3648 1072 3709 Omnis
1095 3658 1193 3709 autern
1213 3648 1285 3707 baec

113 3749 284 3811 declinandi
307 3752 383 3809 ratio
408 3750 517 3810 aeolica
541 3750 636 3830 audit,
660 3751 728 3829 qnia
753 3765 840 3825 saepe
864 3745 901 3805 ab
924 3744 1064 3806 Aeolibus
1088 3745 1285 3823 scriptoribus

113 3855 257 3926 usurpata
290 3849 452 3927 invenitur,
485 3849 584 3907 minus
614 3855 712 3906 antem
743 3843 778 3903 ad
810 3843 928 3903 dialecti
957 3846 1168 3922 proprietatem
1197 3861 1285 3922 quam

113 3946 148 4005 ad
179 3963 313 4005 errorent
343 3946 490 4025 quendam
519 3947 699 4023 scriptorum
729 3942 774 4001 rol
803 3951 956 4020 poetarum
985 3940 1107 4000 Aeolum
1136 3945 1286 4020 pertinere

113 4044 240 4105 ridetur.

203 4141 223 4219 ξ
249 4137 299 4202 75.
346 4139 557 4202 Pronominum
581 4141 708 4201 aeolicae
732 4138 843 4201 formae
868 4137 1076 4218 perhibentur:

203 4230 308 4319 ἄμμες
334 4239 364 4299 Φ
387 4237 460 4301 432.
485 4261 496 4299 ι
520 4237 594 4301 303.
618 4238 692 4300 321.
716 4260 734 4318 χ
758 4235 815 4320 55,

201 4328 287 4417 ἄμμι
310 4340 342 4396 A
365 4334 438 4398 384.
462 4338 490 4397 Β
516 4334 587 4398 137.
615 4339 647 4396 Δ
674 4335 744 4397 197.
768 4333 842 4396 267.
866 4336 888 4395 Ι
908 4335 982 4401 427.
1010 4336 1038 4399 A
1063 4335 1135 4403 714.
1161 4344 1190 4401 0
1212 4341 1286 4406 493.

115 4434 151 4494 Σ
171 4432 245 4496 are.
271 4435 300 4494 n
323 4432 395 4496 140.
425 4434 462 4493 Ψ
482 4433 553 4495 rou.
575 4419 599 4494 'a
625 4433 713 4514 123,

171 4545 237 4596 run,
250 4545 284 4585 aa,
299 4545 383 4585 οιιιιιι.
1059 4544 1075 4593 9
