2962 5070
676 327 913 392 -128-

88 533 91 539 .
206 488 367 549 Relikerus.
418 491 455 549 tt
488 508 556 549 cum
588 487 776 550 Pisistratum
809 493 939 551 Atticum
972 499 1002 550 et
1034 489 1239 551 Aristarchum
1271 492 1380 551 atticae

204 589 327 665 originis
349 587 468 647 Homeri
492 586 638 647 vindicem
662 589 781 647 atticam
805 587 928 648 lormam
952 581 1030 668 μήν,
1051 590 1076 649 si
1095 588 1231 649 codicum
1250 588 1308 649 ttae
1327 598 1381 649 aut

205 685 419 764 rbapsodornm
441 705 510 747 voce
531 687 667 747 traditam
687 706 751 747 eam
770 688 965 768 accepissent,
984 696 1194 767 aspernaturos
1209 687 1301 747 luisse
1314 688 1381 747 veri

204 783 432 845 dissimillimum
448 788 496 865 sit,
511 788 638 864 priscam
653 787 778 846 formam
793 778 869 865 μα’ν,
884 803 942 844 non
957 784 1089 846 doricam
1103 784 1191 864 illam,
1202 785 1253 845 sed
1268 787 1380 845 veteris

203 884 371 959 graecitatis
391 901 592 961 communem,
615 901 650 942 er
671 884 877 943 remotissimis
896 882 1080 963 temporibus
1098 890 1288 963 propagatam
1311 900 1380 942 esse

204 980 390 1040 crediderim.
438 980 495 1039 Sed
521 999 557 1039 ne
581 982 611 1040 in
636 982 812 1041 temeritatis
836 983 948 1041 crimen
973 983 1002 1040 in
1022 999 1055 1040 re
1074 980 1163 1041 dubia
1183 983 1381 1061 incurrerem,
1462 1048 1467 1057 ,

204 1081 335 1158 quinque
359 1078 432 1138 loeis
455 1081 487 1138 A
509 1075 583 1139 302.
608 1079 635 1139 Β
659 1078 732 1140 291.
760 1079 790 1140 Τ
808 1076 861 1140 45.
888 1079 926 1138 Ψ
946 1076 1019 1139 410.
1043 1079 1077 1139 Ω
1099 1076 1156 1159 52,
1180 1078 1231 1139 ubi
1254 1078 1323 1139 libri
1345 1080 1378 1139 in

203 1178 290 1235 attica
320 1177 413 1236 torma
440 1169 508 1257 μήν
531 1179 735 1256 consentiunt,
764 1177 900 1236 codicum
925 1177 1095 1236 auctoritati
1118 1175 1279 1238 obsecutus
1302 1195 1378 1237 sum.

291 1293 341 1334 τοι
359 1301 401 1323 =
417 1286 471 1334 σοι
505 1274 583 1335 baud
617 1293 685 1335 raro
718 1275 854 1335 codicum
884 1274 941 1334 lide
970 1274 1111 1335 traditum
1139 1272 1312 1352 Apollonius
1339 1273 1378 1334 de

204 1389 287 1447 pron.
311 1390 339 1448 p.
366 1369 428 1431 104
448 1371 470 1431 C
494 1391 529 1431 er
554 1371 653 1432 dorica
677 1371 804 1432 dialecto
827 1372 989 1433 llomerum
1012 1379 1180 1432 mutuatum
1204 1389 1270 1432 esse
1294 1381 1379 1451 puta·

204 1470 253 1527 vit.
300 1467 445 1546 Equidem
474 1471 573 1548 potius
602 1468 769 1529 Herodiano
796 1467 837 1551 (v.
866 1469 957 1530 scbol.
982 1473 1014 1530 A
1036 1466 1115 1550 294,
1143 1468 1237 1529 chrs
1262 1478 1377 1548 quaest
1395 1540 1408 1567 ο

203 1585 248 1645 ep.
274 1563 346 1645 122,
370 1565 525 1626 La-llocbe
540 1566 623 1627 llom.
644 1567 764 1627 Tertlrr.
783 1563 862 1649 349)
885 1567 1061 1648 adstipulor,
1084 1568 1136 1646 qui
1159 1575 1286 1647 poetam,
1306 1586 1375 1628 eum

203 1684 237 1724 ex
262 1673 363 1723 vetere
386 1666 547 1741 graecitate
572 1665 694 1726 formam
718 1686 770 1727 τοι
793 1668 873 1726 iuxta
896 1667 1041 1725 noviciam
1060 1667 1183 1743 suisque
1202 1663 1377 1744 aequalibus

203 1763 419 1840 frequentatam
441 1776 495 1823 σοι
515 1767 686 1844 recepisset,
710 1762 753 1823 illi
772 1765 968 1842 imminutam,
991 1762 1060 1823 buia
1080 1762 1196 1841 plenam
1215 1765 1273 1823 vim
1293 1765 1377 1823 attri-

203 1859 304 1918 buisse
328 1861 445 1941 statuit3
473 1880 651 1940 quamquam
675 1870 792 1922 exstant
815 1861 880 1941 loci,
904 1869 938 1921 ut
961 1861 993 1920 E
1013 1858 1078 1922 428
1102 1851 1144 1921 ού
1171 1880 1233 1939 τοι,
1255 1855 1376 1922 τέκνον

204 1949 298 2036 ἐμόν,
326 1951 460 2017 δέδοται
484 1951 647 2039 πολεμήια
669 1954 788 2038 rippa,
818 1957 870 2018 ubi
892 1977 944 2018 τοι
967 1976 984 2018 a
1007 1958 1092 2038 plena
1117 1959 1146 2017 vi
1169 1948 1376 2037 ὀρθοτονον-

202 2048 302 2134 μένης
324 2044 536 2135 ἅντωννμίας
560 2059 609 2117 uix
634 2057 754 2117 recedit.

293 2151 388 2228 §it
434 2153 525 2215 Multo
555 2154 669 2215 lauilior
699 2156 740 2215 lui
766 2155 796 2214 in
820 2153 941 2215 aeolicis
965 2154 1068 2215 lormis
1091 2153 1290 2216 admittendis.
1327 2154 1377 2215 tv-

203 2268 260 2330 que
284 2253 364 2310 omni
388 2251 508 2330 quidem
532 2252 716 2313 dubitatione
740 2250 806 2312 illae
830 2261 946 2331 carent,
970 2255 995 2312 si
1019 2254 1195 2314 coniunctae
1218 2270 1287 2313 cum
1310 2252 1378 2313 aliis

202 2347 352 2409 vocabulis
376 2351 406 2408 in
430 2348 623 2409 sollemnibus
647 2348 782 2409 lormulis
801 2358 852 2410 aut
868 2352 959 2410 certis
978 2349 1156 2430 quibusdam
1174 2369 1280 2411 versus
1298 2349 1376 2410 sedi-

203 2446 269 2526 bus,
293 2448 429 2524 inprimis
453 2446 611 2527 clausulae,
636 2447 796 2508 adstrictae
820 2449 1023 2529 inveniuutur,
1046 2466 1133 2527 quam
1157 2467 1221 2509 rem
1244 2448 1323 2509 clara
1346 2449 1378 2508 in

203 2544 267 2604 line
296 2545 396 2622 posuit
424 2546 540 2623 egregia
566 2544 727 2607 llinriebsii
756 2563 836 2606 cura.
883 2543 921 2605 Ut
944 2547 1035 2623 igitur
1059 2547 1230 2607 vedicorum
1252 2545 1375 2625 hymno·

202 2661 268 2702 rum
289 2641 414 2702 lormnla
434 2637 521 2721 ‘dyau
540 2639 630 2722 pitar'
649 2646 680 2705 in
701 2644 848 2723 Europam
873 2642 1013 2704 translata
1032 2661 1172 2722 graecum
1188 2640 1255 2704 Ζεῦ
1273 2635 1376 2723 πάτερ

203 2749 233 2800 οι
255 2739 378 2800 latinum
404 2739 535 2818 luppiter
558 2743 734 2821 procreavit,
758 2743 801 2801 sic
825 2759 841 2801 a
866 2741 1017 2801 veteribus
1041 2741 1158 2803 vatibus
1178 2740 1319 2801 tectibus
1337 2740 1373 2801 ad

204 2838 288 2896 lones
316 2845 493 2916 propagatae
522 2846 593 2897 sunt
620 2837 763 2899 formulae
792 2830 930 2910 ἄλλυδις
957 2830 1059 2911 ἄλλος
1089 2839 1120 2899 A
1142 2835 1216 2900 486.
1241 2835 1314 2900 745.
1336 2838 1378 2899 Μ

202 2933 276 2995 461.
306 2934 342 2994 Ν
367 2930 535 3014 279....,
563 2928 680 3015 νύμφα
710 2936 791 3015 φίλη
820 2936 852 2996 Γ
878 2934 950 2997 130.
979 2934 999 2997 d
1030 2933 1107 3017 743,
1135 2930 1376 3015 νεφεληγερέτα

203 3024 298 3105 Ζεύς,
312 3028 448 3110 μητίετα
464 3025 559 3110 Ζεύς,
574 3024 723 3114 εὐρύοπα
739 3027 824 3106 Ζεύς
836 3038 867 3094 A
884 3031 954 3095 175.
971 3032 1045 3094 511.
1056 3031 1130 3095 517.
1141 3030 1215 3095 560.
1228 3035 1261 3094 Δ
1271 3031 1315 3095 30
1326 3082 1348 3095 ..
1359 3082 1376 3115 .,

203 3120 324 3189 ἱππότα
352 3121 506 3209 Νέστωρ,
539 3120 648 3209 ἠπύτα
679 3128 798 3212 κῆρυξ,
833 3123 1000 3210 ἱππηλάτα
1029 3123 1163 3211 Πηλεύς
1191 3131 1218 3191 Β
1243 3128 1317 3193 336.
1342 3132 1378 3193 H

205 3223 276 3287 125.
300 3220 411 3306 3841),
435 3220 553 3306 μάντις
570 3219 725 3308 ἀμύμων,
748 3220 821 3301 υίὸς
839 3219 994 3309 ἀμύμων,
1013 3221 1187 3310 ἀμύμονος
1209 3225 1375 3291 Αἰακίδαο

202 3327 234 3385 A
261 3322 312 3383 92.
342 3323 380 3382 Π
405 3321 476 3385 197.
507 3323 583 3406 140,
611 3311 691 3387 ἆλτο
720 3325 841 3407 χαμᾶζε
869 3327 901 3387 Γ
920 3324 971 3388 29.
995 3328 1028 3387 Δ
1051 3324 1125 3387 419.
1149 3327 1181 3386 Ε
1205 3326 1275 3388 111.
1299 3325 1375 3388 494.

203 3419 276 3501 835,
302 3420 431 3483 Κίλλαν
455 3415 594 3504 (Nicaea,
614 3424 757 3504 Κρῖσαν,
779 3417 909 3507 Φηράς)
932 3444 967 3486 τε
986 3416 1110 3504 ζαθέην
1131 3427 1161 3484 A
1180 3421 1233 3485 38.
1252 3424 1280 3484 B
1298 3421 1375 3485 508.

202 3518 275 3580 520.
299 3520 321 3579 Ι
344 3517 414 3581 151.

290 3616 370 3677 tiliae
399 3617 509 3677 lormae
536 3617 663 3677 aeolicae
692 3627 726 3679 ut
754 3637 770 3677 a
798 3621 895 3697 poetis
919 3619 1132 3680 vetustioribus
1156 3619 1297 3680 deolibus
1320 3631 1373 3682 aut

201 3736 217 3775 a
247 3717 352 3775 vicinis
380 3713 519 3775 lonumve
548 3733 634 3791 agros
661 3715 860 3777 insidentibus
888 3716 1029 3777 lleolibus
1057 3716 1257 3798 admirentur,
1286 3721 1373 3779 metri

202 3816 364 3874 necessitas
387 3815 417 3872 in
441 3832 529 3873 causa
553 3812 618 3893 luit,
642 3813 721 3873 velut
744 3804 913 3895 αὐέρυσαν
932 3819 964 3876 Α
982 3812 1056 3874 459.
1081 3815 1108 3875 Β
1127 3812 1202 3895 422,
1225 3807 1373 3896 αὐέρυον

201 3911 245 3972 Μ
272 3910 350 3990 261,
383 3900 571 3990 αύερύοντα
602 3911 631 3971 Θ
663 3908 741 3993 325,
773 3902 907 3993 αύίαχοι
940 3913 977 3972 Ν
1000 3909 1060 3993 41,
1093 3904 1225 3974 ἐδεύετο
1258 3906 1373 3987 δαιτὸς

292 4094 318 4159 1)
336 4091 453 4145 Aeolica
472 4091 551 4159 origo
570 4091 669 4146 borum
688 4091 924 4146 nominativorum
943 4109 1121 4162 quamquem,
1140 4109 1231 4161 neque
1250 4094 1274 4147 si
1293 4095 1371 4149 testi·

202 4173 298 4227 monia
322 4172 570 4241 grammaticorum
597 4188 686 4241 neque
710 4171 733 4226 si
756 4171 904 4226 bibulorum
922 4172 1006 4226 fidem
1025 4172 1149 4241 quaeris,
1172 4172 1242 4227 satis
1260 4176 1373 4228 constat

202 4254 246 4321 (ci.
263 4252 385 4319 Meister,
405 4249 451 4305 die
469 4251 574 4319 grieeb.
590 4252 661 4306 Dial.
677 4252 689 4304 I
706 4258 756 4306 160
766 4255 877 4320 ettilo),
896 4246 1058 4305 verisimilia¹
1071 4250 1166 4306 tsmw
1181 4269 1241 4306 asse
1260 4253 1372 4307 videtur

202 4333 238 4385 ob
260 4333 387 4386 vocalem
411 4350 429 4384 α
451 4331 559 4400 primae
583 4330 781 4387 declinationis
804 4333 841 4386 sb
864 4332 997 4386 Aeolibus
1022 4334 1178 4401 correptam
1197 4335 1227 4386 et
1244 4332 1370 4387 litteram

202 4411 362 4467 sibilantem
381 4412 494 4466 finalem
512 4428 530 4466 u
548 4410 662 4466 Boeotis
681 4411 814 4466 Aaolibus
833 4430 889 4467 nou
908 4428 1060 4480 numquam
1080 4410 1228 4467 abiectam.
