2962 5070
639 360 790 412 ΙΛΙΑΔΟΣ
809 362 847 412 VI
928 313 929 317 Ἰ
1266 308 1329 425 321

160 518 280 604 βουσὶν
304 516 353 585 ἐπ’
380 516 582 585 εἰλιπόδεσσι
605 518 661 585 καὶ
684 515 848 606 ἀργεννῇς
871 516 1006 586 ὀίεσσιν.
1145 522 1148 527 ’
1287 520 1327 587 ll

160 625 283 711 μητέρα
307 622 352 709 δ’,
375 620 396 709 ἣ
420 628 596 708 βασίλευεν
619 621 685 691 ὑπὸ
709 623 834 716 Πλάκῳ
857 622 1020 713 ὑληέσσῃ,
1279 647 1331 693 425

159 729 221 818 τὴν
245 730 314 799 ἐπεὶ
337 726 381 816 ἀρ
405 727 497 816 δεῦρ’
523 727 621 816 ἤγαγ’
647 727 704 816 ἀμ’
730 729 861 798 ἀλλοισι
884 729 1090 815 κτεάτεσσιν,

160 834 208 919 ἀφ
232 835 251 905 ὅ
274 864 311 922 γε
334 835 397 922 τήν
421 835 562 904 ἀπέλυσε
585 833 700 922 λαβών
723 834 884 921 ἀπερείσι’
910 836 1042 907 ἀποινα.

160 944 282 1030 πατρὸς
306 942 336 1011 δ’
364 946 400 1011 ἐν
423 944 595 1030 μεγάροισι
619 940 695 1028 βάλ’
712 942 865 1030 ’Ἄρτεμις
889 947 1068 1033 ίοχέέαιρα.

160 1049 296 1136 Ἕκτορ,
319 1040 402 1137 ἀτάρ
426 1049 469 1117 σὺ
494 1056 555 1136 μοί
575 1053 646 1117 έσσι
670 1048 777 1136 πατὴρ
800 1051 854 1117 καλ
878 1050 998 1119 πότνια
1021 1051 1128 1138 μήτηρ

159 1156 220 1243 ήδδ
242 1163 455 1242 κασίγνητος,
479 1156 521 1224 σὺ
545 1158 585 1224 δέ
605 1183 661 1242 μοι
684 1155 829 1243 θολερός
851 1165 1064 1244 παρακοίτης·
1278 1178 1332 1228 430

159 1262 233 1331 ἀλλ’
259 1262 318 1349 άγε
344 1267 407 1330 νῦν
431 1265 556 1346 ἐλέαιρε
579 1263 635 1330 καὶ
659 1261 763 1331 αὐτοῦ
786 1262 878 1351 μίμν’
905 1265 957 1332 ἐπὶ
980 1263 1114 1354 πύργῳ,

160 1370 204 1457 μή
229 1367 320 1437 παῖδ’
347 1367 538 1456 ὀρφανικὸν
561 1375 657 1458 θείῃς
679 1370 786 1457 χήρην
808 1396 843 1437 τε
866 1384 1017 1457 γυναῖκα.

160 1476 244 1544 λαὸν
267 1476 305 1544 δέ
328 1481 454 1561 στῆσον
477 1472 553 1561 παρ’
581 1476 726 1562 ἐρινεόν,
751 1482 836 1544 ἔνθα
859 1477 1001 1563 μάλιστα

160 1582 306 1671 ἀμβατός
330 1585 397 1650 ἐστι
421 1582 516 1662 πόλις
539 1583 593 1650 καὶ
617 1584 800 1669 ἐπίδρομον
823 1588 937 1651 ἔπλετο
960 1597 1074 1671 τεῖχος.

159 1691 230 1777 τρὶς
252 1688 316 1776 γάρ
339 1694 378 1777 τῇ
403 1687 434 1775 γ’
461 1689 618 1769 ἐλθόντες
640 1687 857 1776 ἐπειρήσανθ’
884 1693 919 1757 οί
940 1689 1068 1776 ἀριστοι
1279 1713 1331 1760 435

160 1794 244 1884 ἀμφ’
271 1805 395 1863 Αἴαντε
419 1795 488 1861 δύω
511 1798 566 1863 καὶ
590 1794 779 1881 ἀγακλειτὸν
800 1795 973 1884 Ἰδομενῆα

160 1902 215 1989 ἠδ’
242 1900 327 1991 ἀμφ’
352 1901 518 1989 Ἀτρεΐδας
540 1903 595 1969 καὶ
623 1904 747 1983 Τυδέος
770 1901 911 1989 ἄλκιμον
934 1903 1024 1970 νίόν·

160 2007 181 2094 ή
205 2008 270 2075 πού
294 2013 343 2087 τίς
365 2027 448 2094 σφιν
472 2014 583 2076 ἔνισπε
606 2015 820 2092 θεοπροπίων
844 2008 882 2076 ἐὺ
903 2009 1039 2096 ίειδάς,

160 2112 180 2199 ή
204 2141 248 2181 νυ
270 2115 325 2181 καὶ
349 2113 461 2182 αὐτῶν
484 2115 594 2201 θυμὸς
618 2115 806 2202 ε’πεότρννεν
829 2116 884 2182 καὶ
907 2112 1060 2201 ἀνάγει.“

248 2219 310 2306 τήν
334 2218 365 2288 δ’
392 2213 471 2288 αὖτε
494 2225 688 2307 προσέίειπε
712 2224 813 2309 μέγας
835 2230 1060 2307 κορυθαίολος
1074 2222 1214 2311 Ἕκτωρ·
1278 2246 1332 2293 440

161 2319 204 2412 ,,ή
228 2327 283 2393 καὶ
308 2328 379 2412 ἐμοὶ
403 2328 482 2394 τάδε
505 2328 614 2395 πάντα
637 2330 742 2414 μέλει,
766 2328 879 2413 γύναι·
912 2325 996 2395 ἀλλά
1019 2326 1096 2414 μάλ’
1122 2334 1225 2410 αί-νως

161 2435 313 2519 αἰδέομαι
341 2439 455 2519 Τρῶας
477 2435 532 2501 καὶ
560 2434 719 2520 Τρῳάδας
741 2434 1007 2521 ἑλκεσιπέπλους,

161 2549 200 2606 αί
218 2566 253 2606 κε
277 2539 377 2620 κακὸς
401 2538 445 2620 τός
467 2541 592 2628 νόσφιν
615 2538 787 2621 ἀλυσκάζω
811 2541 977 2626 πολέμοιο.

162 2645 244 2713 οὐδέ
265 2673 304 2733 με
327 2646 438 2734 θυμὸς
460 2646 607 2733 ἀνωγεν,
630 2648 700 2714 ἐπεὶ
723 2646 836 2733 μάθον
860 2652 997 2735 ἔμμεναι
1020 2649 1142 2728 ἐσθλός

161 2755 226 2821 αίεὶ
249 2754 304 2821 καὶ
327 2753 489 2840 πρώτοισι
514 2752 593 2841 μετὰ
623 2753 770 2839 Τρεόεσσι
794 2753 977 2842 μάχεσθαι,
1279 2777 1331 2825 445

161 2859 350 2947 ἀρνύμενος
371 2860 494 2948 πατρός
517 2888 551 2929 τε
574 2863 658 2949 μέγα
680 2863 796 2942 κλέίος
818 2858 873 2948 ἡδ’
899 2862 981 2949 ἐμὸν
1004 2861 1118 2931 αὐτοῦ.

162 2960 199 3035 εὖ
223 2967 287 3055 γάρ
311 2966 375 3053 ε’γά
398 2967 476 3035 τόδε
498 2973 598 3036 ,Ροῐδα
621 2969 703 3036 κατά
725 2970 833 3056 φρένα
856 2969 912 3037 καὶ
934 2968 1017 3037 κατά
1039 2970 1167 3057 θυμόν·

162 3058 290 3141 ἔσσετάι
314 3066 418 3161 ἦμαρ,
443 3071 491 3142 ὅτ’
518 3073 562 3142 ἀν
585 3073 658 3143 ποτ’
684 3071 793 3164 όλοίλῃ
809 3075 912 3156 Ἴλιος
935 3075 991 3164 ίρή

161 3181 216 3247 καὶ
239 3186 392 3267 Πρίαμος
415 3181 470 3248 καὶ
493 3180 572 3262 λαδς
595 3185 757 3269 έυμμελίω
781 3182 959 3268 Πριάμοιο.

161 3285 234 3355 ἀλλ’
261 3286 303 3355 οὔ
327 3314 383 3374 μοι
411 3286 536 3373 Τρω’ων
559 3288 682 3356 τόσσον
706 3290 795 3374 μέλει
819 3287 922 3375 άλγος
945 3287 1087 3375 ὀπίσσω,
1279 3313 1331 3361 450

163 3392 233 3462 οὔτ’
260 3392 361 3481 αὐτῆς
379 3392 521 3481 Ἑκάβης
544 3394 620 3463 οὔτε
643 3394 812 3482 Πριάμοιο
835 3394 1001 3476 ίάνακτος
1030 3403 1034 3409 ’

163 3499 240 3568 οὕτε
263 3501 489 3588 κασιγνήτων,
514 3505 549 3569 οῗ
569 3528 627 3570 κεν
650 3505 765 3582 πολέες
788 3504 901 3570 τεκαὶ
924 3507 1044 3572 ἐσθλοί

162 3609 198 3674 ἐν
221 3614 353 3697 κονίῃσι
377 3611 510 3677 πέσοιεν
532 3607 588 3676 ὑπ’
614 3606 760 3693 ἀνδράσι
784 3612 1035 3699 δυσμενέεσσιν,

233 3803 437 3859 ιεεῡειῑτε
528 3801 749 3861 43³b=2152ss
840 3811 1139 3862 ιιοὲιιαεεοετ.
1160 3810 1250 3862 Χεετ

161 3890 213 3937 ειν
229 3911 263 3929 =
276 3888 304 3937 ιι
320 3890 369 3939 105
441 3891 547 3940 ιιι-ο
563 3911 596 3931 =
612 3892 637 3939 Δ
653 3892 765 3940 ιιι-5.

233 4052 285 4099 42ss
305 4041 489 4099 κτεάτοισιΙ)
589 4051 640 4099 432
659 4046 782 4114 θείηςΟ
820 4042 895 4116 θήῃς
913 4049 938 4101 Α
974 4044 1050 4116 θήῃς
1069 4048 1165 4103 Ambr.
1202 4047 1279 4119 θήῃς
1298 4049 1331 4116 Ι),

162 4126 197 4181 cf.
217 4127 285 4195 prol.
306 4132 321 4192 ξ
340 4133 374 4179 90
450 4131 555 4179 4.·43-9
575 4121 750 4179 ἀθετοῦνται
769 4126 856 4181 schol.
876 4129 900 4180 A
983 4134 1036 4181 434
1055 4123 1168 4199 ἀμβατή
1188 4129 1332 4184 Callistra-

162 4212 207 4261 tus
278 4214 331 4261 435
349 4209 382 4279 τῇ
402 4203 444 4275 γέ
469 4228 510 4274 γρ.
530 4201 594 4274 τῇδ’
616 4205 746 4261 schol.A
831 4212 881 4261 437
899 4202 1021 4276 Ἀτρείδα
1040 4208 1119 4263 Ixion
1206 4216 1258 4265 438
1277 4213 1331 4273 τίςι

161 4290 191 4342 τί
202 4287 498 4355 Α-θεοπροπίαςῦ
535 4283 762 4356 θεοπροπέωνΙ)
827 4292 879 4341 439
899 4309 941 4355 γρ.
956 4285 1060 4351 αὐτοὺς
1074 4289 1161 4344 schol.
1177 4291 1245 4343 A-
1261 4287 1331 4345 ἐπιό-

162 4389 262 4434 τρννεν
282 4370 432 4424 Duentzer:
453 4363 602 4436 ἐποτρύνει
621 4367 699 4422 codd.
789 4373 842 4422 443
861 4361 909 4430 ἀςε
931 4388 972 4437 γρ.
992 4360 1010 4443 ᾇ
1030 4369 1108 4423 Eunt.
1193 4376 1245 4427 44‘1
1265 4369 1331 4440 γάρε

163 4446 255 4517 μένΟ
328 4454 380 4501 449
400 4443 551 4518 ἐνμμελίου
571 4446 599 4502 C.

215 4548 283 4599 Ilius,
297 4548 331 4587 ed.
347 4546 429 4587 Christ.
1084 4544 1116 4593 21
