2984 5092
661 267 860 329 -g-

172 437 256 508 parte
276 429 511 509 Τειχοσκοιιίας
529 438 644 489 exemia
664 428 787 506 reliquis
806 427 941 506 partibus
956 425 1032 500 libri,
1052 428 1163 507 primae
1179 435 1209 486 et
1223 426 1343 487 ultimae

176 546 262 588 suum
287 529 395 605 cuique
420 546 527 588 nornen
551 527 654 586 deesse
679 525 847 586 noluerunt.

265 623 372 684 Verum
405 627 436 684 in
464 624 549 683 libris
578 623 742 683 secundum
771 627 923 686 nominum
952 625 1060 686 indicia
1087 624 1259 701 separandis
1288 642 1347 683 non

176 724 391 802 acquievimus,
424 722 474 782 sed
504 721 539 781 ab
569 721 624 781 boc
653 721 843 782 itrvtdamento
872 725 1011 802 proiecti,
1043 724 1070 781 si
1097 739 1155 799 quo
1183 720 1258 780 libro
1288 721 1346 781 duo

176 823 307 881 carmina
340 840 355 880 a
389 821 601 900 grammaticis,
634 838 670 879 ne
704 838 860 881 numerum
895 824 998 898 viginti
1026 829 1153 898 quatuor
1181 819 1347 879 litterarum

176 917 324 996 alphabeti
353 918 544 996 excederem,
575 916 710 994 copulata
741 936 807 977 esse
836 919 1025 997 videbantur,
1058 919 1147 976 etiam
1175 919 1201 976 si
1229 919 1347 977 nomina

178 1033 278 1075 ansam
303 1033 361 1073 non
381 1014 571 1092 praebebant,
595 1014 703 1074 librum
724 1015 855 1076 dividere
875 1016 951 1077 lraud
972 1016 1179 1076 dubitavimus.
1217 1014 1347 1074 Primum

177 1115 308 1172 omnium
337 1120 434 1171 autem
464 1114 494 1171 in
524 1112 579 1171 bac
608 1130 639 1170 rc
668 1112 774 1170 indicia
804 1132 942 1174 versuum
971 1112 1204 1190 intercalarium,
1237 1115 1288 1190 qui
1312 1113 1347 1172 ad

176 1217 276 1287 partes
291 1202 455 1268 carminum
471 1208 648 1286 separandas
662 1210 853 1289 prioremque
868 1219 982 1288 partem
997 1210 1189 1270 claudendam
1201 1211 1349 1270 interiecti

177 1325 243 1367 esse
277 1307 462 1383 viderentur,
495 1304 580 1364 nobis
608 1307 873 1386 circumspicienda
903 1303 1028 1385 erant.¹)
1079 1309 1175 1385 Atque
1204 1308 1239 1367 ad
1270 1307 1350 1367 bunc

179 1422 336 1464 numerum
360 1401 463 1480 procul
488 1402 578 1463 dubio
603 1405 777 1466 referendus
801 1406 856 1466 iuit
880 1424 984 1466 versus
1009 1407 1041 1466 Φ
1064 1403 1126 1466 227

313 1491 357 1573 ὣς
383 1491 510 1560 λειιιών
541 1494 711 1580 Τρώεσσιν
740 1498 898 1564 ἐπέσσυτο
928 1501 1062 1582 δαίμονι
1090 1504 1199 1578 ἔλσας,

180 1618 238 1678 quo
263 1616 351 1659 versu
371 1599 539 1676 prior'pars
560 1597 781 1674 libri'vigesimi
801 1603 888 1678 primi
908 1603 969 1660 sive
986 1593 1087 1680 Μόχη
1102 1593 1353 1679 παραποτάμιος

183 1698 214 1757 Φ
236 1694 362 1757 1-227
386 1699 425 1755 ita
445 1695 646 1775 claudebatur,
667 1705 699 1756 ut
718 1700 806 1757 etiam
825 1699 890 1757 sine
909 1698 1023 1776 reliqua
1042 1700 1182 1758 carminis
1200 1705 1284 1775 parte
1305 1692 1353 1776 (Φ

180 1784 371 1875 2332-382)
391 1794 543 1853 commode
572 1796 692 1854 recitari
716 1804 829 1873 posset,
858 1797 919 1855 sive
948 1795 1004 1855 boc
1032 1796 1096 1855 loco
1125 1805 1209 1855 vetus
1233 1813 1352 1855 carmen

181 1894 297 1952 linitum
316 1900 346 1949 et
365 1891 456 1950 altera
471 1908 540 1968 pars
555 1890 623 1949 libri
638 1885 686 1971 (Φ
701 1888 891 1974 233--382)
906 1893 942 1953 ab
958 1895 1123 1953 recentiore
1138 1901 1225 1971 poeta
1239 1893 1352 1952 adiecta

182 1999 236 2068 est,
260 1992 320 2049 sive
345 1988 484 2066 rbapscdi
509 1991 680 2047 urtiversum
703 2008 824 2049 carmen
850 1990 881 2050 Φ
907 1988 1036 2051 1—-382
1060 1993 1099 2050 ita
1124 1990 1255 2050 dividere
1280 1989 1354 2050 sole-

182 2089 260 2166 bant,
280 2095 311 2146 ut
333 2088 462 2164 priorem
481 2094 595 2162 partem
615 2088 740 2146 seorsim
759 2087 928 2148 recitarent.
961 2088 1046 2148 Hunc
1066 2097 1165 2149 autem
1184 2091 1214 2147 in
1234 2088 1354 2147 modum

182 2185 322 2263 rhapsodi
349 2185 514 2242 interiectis
543 2182 678 2242 versibus
708 2184 733 2242 Z
762 2182 824 2244 311
855 2195 885 2244 et
915 2185 956 2245 Μ
983 2183 1152 2246 175-181
1179 2204 1253 2264 quae
1277 2203 1355 2247 com-

182 2283 328 2362 prehensa
362 2288 447 2359 poeta
479 2279 584 2359 voluit,
612 2281 747 2340 divisisse
777 2282 927 2361 ridentur,
960 2303 1026 2344 cum
1055 2303 1104 2363 eo,
1137 2284 1215 2362 qnod
1249 2293 1354 2344 auctor

182 2380 330 2459 Odysseae
354 2381 380 2439 θ
405 2375 471 2438 500
490 2377 639 2455 indicavit,
663 2379 787 2439 artificio
808 2381 853 2438 usi
873 2378 989 2458 longius
1013 2400 1141 2459 carmen,
1165 2392 1253 2459 prout
1277 2391 1350 2442 tem-

185 2498 240 2558 pus
268 2475 449 2556 postulabat,
481 2478 511 2534 iu
540 2478 717 2537 minutiores
745 2487 844 2555 partes
873 2478 1067 2538 dissecabant.
1113 2479 1205 2557 Magis
1234 2482 1355 2558 vestigia

184 2586 287 2656 poetae
316 2575 466 2652 legerunt,
494 2574 573 2652 quod
602 2574 693 2634 libros
722 2576 870 2635 decimum
899 2579 1020 2635 tertium
1043 2585 1073 2636 et
1096 2577 1243 2637 dec-imum
1268 2580 1356 2656 septi-

184 2693 264 2734 mum
293 2675 324 2731 in
347 2671 415 2731 bina
439 2673 568 2730 carmina
593 2672 630 2732 N
653 2670 781 2732 1-344
802 2680 832 2731 et
855 2672 892 2733 N
911 2669 1097 2752 361-659,
1120 2674 1150 2733 Ρ
1176 2670 1303 2734 1-399
1327 2683 1358 2734 et

185 2771 215 2830 P
242 2766 425 2829 424-761
462 2769 627 2828 diviserunt
663 2779 693 2829 et
728 2771 912 2847 interpositis
946 2769 1121 2830 adulterinis
1154 2771 1290 2831 versibus
1324 2772 1361 2832 N

185 2864 362 2930 345—360
390 2874 420 2925 ct
443 2865 473 2924 P
492 2863 669 2927 tou-423
698 2867 899 2926 diiunxerunt.
946 2866 1003 2927 Sed
1033 2867 1081 2927 bic
1110 2886 1228 2946 quicque
1258 2872 1358 2947 potius

185 2969 259 3028 duae
288 2972 388 3042 partes
417 2965 505 3024 unius
533 2966 670 3042 perpetui
698 2966 851 3041 carminiS,
880 2983 968 3042 quam
996 2966 1055 3025 duo
1079 2968 1209 3026 carmina
1232 2967 1358 3027 diversis

185 3061 279 3124 titulis
303 3060 458 3121 statuenda
482 3079 548 3120 esse
571 3061 719 3122 duximus.
756 3061 931 3122 Rectissime
956 3081 1025 3123 vero
1049 3081 1085 3122 ex
1109 3081 1153 3137 eo,
1177 3064 1255 3142 qnod
1281 3067 1359 3124 inter

187 3163 317 3239 priorem
345 3166 460 3237 partem
489 3158 558 3218 libri
585 3158 692 3219 decimi
721 3163 816 3221 octavi
844 3150 1105 3221 ιλὉιιλοιιοιίαν
1130 3180 1233 3222 versus
1257 3161 1358 3221 linales

187 3259 221 3318 Σ
238 3252 413 3317 tot-368
429 3255 465 3314 ab
485 3254 604 3333 illepido
619 3255 717 3334 aliquo
732 3257 879 3337 rhapsodo
896 3257 940 3318 vel
955 3257 1136 3317 Pisistrateis
1152 3258 1358 3319 redactoribus

186 3354 356 3431 interpositi
379 3359 461 3431 sunt,
485 3352 644 3413 concludas
667 3353 723 3414 boo
746 3358 810 3418 loco
834 3357 903 3417 olim
927 3348 1219 3434 carmen’integrum
1244 3358 1359 3416 linitum

187 3472 262 3515 esse.
308 3450 441 3528 Denique
465 3468 568 3509 versus
593 3452 623 3511 E
645 3450 829 3515 507-511.

276 3546 405 3627 θοῦρος
419 3538 520 3626 ”quc
544 3541 686 3621 ἐκάλυψε
709 3543 796 3632 μόχχχ
825 3543 994 3628 Τρώεσσιν
1017 3542 1154 3631 ἀρήγων

277 3636 416 3708 παντόσ’
443 3638 670 3725 ἐποιχόμενος·
694 3645 755 3708 τοῦ
779 3640 1012 3728 disparatam
1036 3642 1176 3728 ἐφετμάς

280 3742 410 3823 Φοίβου
430 3732 638 3816 ’Λπόλλωνος
659 3738 861 3825 χρυσαόρου,
886 3736 924 3817 ὅς
946 3766 1003 3823 μιν
1027 3737 1172 3826 ἀνώγειν

282 3834 414 3921 Τρωσὶν
437 3831 551 3919 θυμὸν
576 3836 715 3921 ἐγείραι,
740 3836 808 3903 ἐπεὶ
831 3842 905 3904 tros
929 3835 1082 3904 Παλλάδ’
1107 3835 1256 3924 ’Λθήνην

279 3933 471 4019 οἰχομένην.
495 3929 515 4019 ἢ
540 3932 603 4019 γάρ
628 3936 670 4019 ῥα
694 3935 792 4001 πέλεν
816 3943 1006 4001 Δαναοῖσιν
1029 3931 1167 4019 ἀρήγων

282 4114 307 4180 1)
326 4110 384 4163 Hac
408 4110 442 4162 de
466 4126 495 4163 rs
519 4110 629 4179 plenius
648 4112 789 4180 disputavi
809 4113 837 4166 in
857 4111 1091 4167 commentatione
1117 4110 1185 4167 Eine
1205 4112 1359 4168 besondsre

191 4195 243 4247 Art
265 4207 321 4244 von
339 4189 577 4258 interpolationan
600 4190 647 4246 bei
666 4191 815 4259 Homeros,
839 4191 868 4245 in
892 4208 954 4245 ann.
978 4190 1047 4261 phil.
1069 4197 1135 4245 test
1157 4210 1184 4260 p.
1206 4197 1360 4258 tio—1603

191 4270 316 4327 versibus
335 4288 368 4326 ex
388 4268 513 4338 Odyssea
531 4268 580 4324 illo
600 4270 662 4325 loco
682 4271 856 4342 depromptis
875 4271 1017 4326 addendos
1037 4287 1097 4324 esse
1116 4268 1199 4324 video
1219 4272 1237 4322 d
1255 4278 1360 4326 uti—4

192 4355 228 4407 ad
246 4349 415 4420 separandus
433 4350 501 4402 duas
520 4353 615 4419 partes
633 4351 699 4406 libri
718 4352 811 4422 quarti
830 4351 997 4406 interiectos.

208 4614 219 4644 Ι
