2984 5092
166 345 228 409 188
648 340 800 392 ΙΛΙΔΔΟΣ
819 341 843 390 Δ

162 512 225 589 ,μή
250 532 296 586 τε,
319 508 430 585 γέρον,
454 507 593 585 κοῖληειν
616 505 683 580 ἐγὼ
706 503 794 582 παρὰ
816 504 904 581 νηυεὶ
927 503 1035 580 κιχείω

163 621 181 697 ἢ
206 622 265 681 νῦν
290 610 457 693 δηθύνοντ’
481 614 499 690 ἢ
524 612 656 690 ὕετερον
680 610 768 675 αύτιε
791 610 895 687 ἰόντα,

162 727 202 803 μή
222 725 260 788 νύ
283 744 332 787 τοι
356 721 396 785 ού
419 719 550 802 χραίεμῃ
575 723 732 797 εκῆπτρον
756 718 807 781 καὶ
830 718 948 795 ετέμμα
970 721 1068 781 θεοῐο.

160 833 220 909 τὴν
239 828 267 894 δ’
290 830 355 904 ἐγὼ
379 827 419 890 οὐ
443 828 541 890 λύεω·
575 826 650 903 πρίν
674 846 726 903 μιν
749 825 800 888 καὶ
822 828 922 902 γῆραε
945 822 1065 888 ἔπειειν

160 937 305 1018 ἡμετέρῳ
329 936 377 999 ἐνὶ
399 933 495 1016 ξοίκῳ
519 934 555 997 ἐν
578 930 687 1010 Ἄργεϊ
709 931 820 1010 τηλόθι
844 930 977 1009 πάτρηε,

160 1043 247 1106 ίετόν
270 1043 485 1119 ἐποιχομένην
508 1041 559 1103 καὶ
581 1040 660 1117 ἐμὸν
684 1040 778 1116 λέχοε
802 1037 988 1102 ἀντιόωεαν.

161 1147 232 1214 ἀλλ’
254 1148 311 1225 ίθι,
335 1150 375 1226 μή
399 1145 430 1225 μ’
452 1148 585 1225 ἐρέθιζε,
610 1146 770 1224 εαιύτεροε
793 1144 838 1209 ὥε
860 1165 895 1209 κε
919 1146 1038 1222 νέηαι.“
1105 1140 1111 1153 ’
1194 1129 1201 1140 ’

249 1255 294 1318 ὣε
317 1251 419 1333 ἔφατ’,
442 1252 580 1317 ἔδξειτεν
604 1250 633 1316 δ’
655 1252 675 1316 ὁ
697 1254 803 1331 γέρων
826 1252 877 1314 καὶ
900 1251 1046 1316 ἐπείθετο
1069 1254 1172 1336 μύθῳ,

162 1368 199 1442 βῆ
223 1360 252 1426 δ’
274 1361 379 1425 ἀκέων
402 1360 490 1439 παρὰ
512 1364 586 1424 θῖνα
608 1359 862 1438 πολυφλοίτβοιο
885 1341 1049 1437 θαλάττης,

160 1469 267 1533 πολλὰ
290 1467 319 1532 δ’
342 1464 439 1531 ἔπειτ’
463 1464 624 1530 ἀπάνευθε
649 1466 726 1529 κιὼν
749 1463 841 1543 ἠρᾶθ’
863 1465 883 1529 ὁ
905 1465 1035 1544 γεραιόε
1145 1458 1150 1466 ’

160 1573 340 1639 Ἀπόλλωνι
363 1573 504 1650 ξάνακτι,
527 1572 586 1635 τὸν
608 1572 747 1650 ἠύκομοι
770 1574 841 1637 τέκε
863 1573 970 1650 Λητώ·

160 1681 272 1759 ,κλῦθί
296 1701 366 1759 μευ,
390 1675 590 1759 ἀργυρότοξ’,
614 1680 650 1743 ὃ(
676 1680 799 1758 Χμύεην
823 1679 1040 1760 ἀμφιβέβηκαε

162 1789 278 1852 Κίλλαν
301 1808 335 1850 τε
359 1788 488 1863 Ζαθέην,
511 1785 663 1850 Τενέδοιό
686 1806 720 1850 τε
744 1791 812 1865 Γιφι
835 1786 1009 1871 ξανάεεειε,

161 1895 306 1973 (μινθείν
341 1893 370 1957 εἴ
393 1894 472 1957 ποτέ
496 1913 545 1956 τοι
568 1890 707 1970 χαρίεντ’
729 1894 782 1956 ἐπὶ
805 1895 885 1972 νηὸν
908 1893 1023 1975 ἔρεψα,

160 2004 179 2080 ἢ
203 2001 230 2065 εί
254 2004 293 2079 δή
317 2002 396 2064 ποτέ
420 2021 469 2063 τοι
493 1999 572 2063 κατὰ
595 1999 692 2063 πίονα
716 1998 802 2079 μηρί’
824 2000 903 2079 ἔκηα

159 2108 287 2187 ταύρων
310 2106 360 2186 ἠδ’
383 2107 496 2185 αἰγῶν,
521 2106 595 2170 τόδε
620 2128 672 2185 μοι
696 2109 834 2188 κρήηνον
858 2109 1012 2188 ἔξέλδωρ·

160 2216 277 2280 τίεειαν
301 2216 428 2280 Δαναοὶ
451 2214 511 2292 ἐμὰ
534 2213 655 2293 δάκρυα
679 2218 756 2278 τοῖα
781 2216 946 2294 βέλεεεινέι

249 2323 293 2386 ὣ(
316 2319 410 2401 ἔφατ’
434 2320 621 2402 εὐχόμενοι,
643 2325 702 2385 τοῦ
725 2322 761 2385 δὲ
785 2321 860 2386 κλύε
883 2324 1002 2402 Φοῖβος
1026 2322 1209 2408 Ἀπόλλων,

161 2433 197 2507 βῆ
222 2431 257 2492 δὲ
282 2426 348 2491 κατ’
373 2429 558 2506 Οὐλύμποιο
583 2429 730 2506 καρήνων
753 2427 918 2506 χωόμενος
942 2435 1012 2509 κῆρ,
1150 2455 1153 2459 ’

159 2533 228 2600 τόξ’
251 2534 380 2613 ὤμοιειν
404 2534 489 2612 ἔχων
512 2533 707 2613 ἀμφηρεφέα
730 2555 765 2598 τε
789 2538 961 2614 φαρέτρην.

159 2640 316 2718 ἔκλαγξαν
340 2640 368 2705 δ’
392 2639 441 2721 ἀρ’
464 2640 563 2705 ὀιετοὶ
585 2638 637 2704 ἔπ’
659 2640 756 2718 ὤμων
780 2643 971 2722 χωομένοιο,
1042 2687 1043 2691 =

159 2749 258 2812 αὐτοῦ
282 2751 477 2826 κινηθέντοε·
510 2749 528 2813 ὃ
552 2746 581 2812 δ’
603 2749 652 2826 ἤιε
675 2748 764 2811 νυκτὶ
787 2750 945 2815 ξεξοικώε.

159 2854 239 2920 ἕζετ’
261 2853 360 2919 ἔπειτ’
382 2854 542 2920 ἀπάνευθε
566 2857 663 2931 νεῶν,
688 2854 766 2933 μετὰ
789 2853 817 2919 δ’
840 2856 891 2920 ίόν
915 2858 1019 2936 ἕηκεν,

159 2964 264 3040 οξεινὴ
289 2963 324 3026 δὲ
349 2964 470 3040 κλαγγὴ
493 2959 597 3038 γένετ’
620 2960 790 3040 ἀργυρέοιο
817 2967 907 3041 βιοῖο.
1056 2946 1060 2951 ’

158 3068 278 3145 ούρῆαε
302 3069 359 3146 μέν
383 3072 513 3146 πρῶτον
536 3069 682 3150 ἔπῴχετο
707 3069 758 3131 καὶ
781 3069 877 3132 κύνα(
900 3068 1032 3148 ἀργούε,

159 3174 259 3253 αὐτὰρ
283 3173 381 3238 ἔπειτ’
405 3175 526 3238 αύτοῑει
551 3176 643 3255 βέλοε
666 3176 836 3252 ἐχεπευκέε
859 3176 961 3255 ἔφιείε

160 3278 264 3360 βόλλ”
298 3280 358 3345 αἰεὶ
381 3283 416 3345 δὲ
441 3282 538 3360 πυραὶ
562 3282 684 3346 νεκύων
708 3281 838 3346 καίοντο
862 3287 995 3360 θαμεῑαι.

230 3479 264 3527 34
321 3479 337 3526 Ι
351 3478 401 3526 182
447 3478 551 3527 39-41
572 3473 607 3527 cf.
626 3495 642 3542 ρ
656 3477 760 3528 240-‘2
807 3481 840 3528 43
852 3500 886 3521 =
897 3481 918 3528 A
928 3481 989 3530 457.
1009 3479 1038 3529 Π
1047 3480 1098 3530 527
1144 3482 1180 3531 44
1189 3502 1224 3524 -ι
1236 3483 1248 3533 ί

230 3640 264 3687 26
283 3634 391 3727 κούρω
411 3635 504 3702 codd.¹
533 3636 567 3689 de
586 3632 705 3688 diaeresi
724 3634 893 3705 diphthongi
912 3635 1006 3690 confer
1024 3636 1094 3706 prol.
1113 3655 1140 3706 p.
1163 3642 1221 3693 178.

158 3719 191 3766 ‘2¹1
212 3703 305 3774 αύειςτ
325 3717 412 3775 αυθις
430 3712 450 3767 C
470 3713 563 3768 hicet
582 3730 664 3783 saepe
683 3714 765 3780 alias,
786 3714 820 3768 cf.
840 3714 910 3783 prol.
930 3732 956 3783 p.
980 3722 1028 3769 133
1132 3720 1237 3773 29-31

158 3795 273 3847 τούνεκα
293 3792 379 3846 schol.
395 3794 418 3845 Α
490 3784 582 3854 33αύς
595 3809 650 3846 uon
669 3785 706 3855 ὣς
720 3794 938 3862 quotiescunque
952 3795 1027 3850 idem
1042 3795 1118 3865 quod
1132 3789 1223 3859 οὕτως
1242 3816 1248 3851 ι

158 3874 235 3938 ficut,
264 3872 415 3926 secundum
444 3877 624 3942 praeceptum
654 3873 811 3943 Tryphonis
839 3873 1016 3944 grammatici
1045 3875 1100 3942 (ut.
1126 3874 1162 3930 Μ.
1192 3882 1247 3932 824

157 3953 284 4009 exaravit
317 3952 426 4007 Bekker
460 3984 493 3992 -
527 3950 636 4007 ἔκλεισεν
664 3954 710 4008 Ar.
742 3951 870 4009 ἔδδεισεν
899 3955 978 4009 codd.
1014 3957 1044 4010 et
1068 3955 1109 4009 sic
1138 3972 1248 4026 semper

157 4035 227 4102 prol,
251 4037 266 4096 θ
292 4038 341 4087 101
371 4063 404 4071 -
434 4031 466 4086 θλ
494 4033 584 4102 γέρων
620 4034 671 4095 ίιίαΙ
688 4035 717 4086 ολ
741 4051 905 4103 quocunque
939 4034 1001 4089 Ιοοο
1029 4033 1164 4089 articulus
1191 4051 1248 4091 rom

157 4118 269 4182 poterat
288 4113 358 4167 coni.
378 4112 477 4167 Nauck
536 4119 571 4168 34
590 4107 681 4182 ἀχέων
702 4115 764 4168 Zeu.
825 4118 859 4166 38
879 4134 920 4182 γρ.
940 4118 1042 4168 Κίλλαν
1062 4113 1138 4167 Eunt.
1193 4121 1229 4170 41

157 4191 188 4247 τὸ
208 4192 239 4249 11
259 4193 305 4248 Ar.
379 4198 412 4246 42
432 4196 539 4248 τίααιεν
554 4195 616 4248 Zeu.
691 4201 724 4248 43
744 4189 772 4247 θ’
794 4192 873 4248 ἔκλυε
889 4194 935 4249 hic
949 4198 978 4248 et
991 4193 1062 4248 alius
1077 4193 1166 4262 codd„
1184 4211 1248 4252 τοοε

156 4274 304 4328 lectionem
329 4274 536 4328 commendavit
559 4274 669 4328 Bekker
692 4274 771 4329 Hom.
793 4275 946 4342 311141,
970 4274 1004 4328 cf.
1024 4274 1094 4342 prol.
1113 4292 1140 4343 p.
1162 4280 1213 4330 112

155 4358 243 4409 16-'1
262 4352 407 4408 damnavit
425 4353 490 4407 Ζου.
589 4361 623 4410 47
643 4354 722 4409 νυκτί
743 4350 873 4416 ἐλυσθείς
891 4356 955 4408 Ζαα.
1052 4359 1085 4407 52
1104 4355 1233 4424 θαμειαί
1242 4372 1248 4393 ⁷

156 4433 185 4485 et
203 4430 264 4485 Ant
283 4434 405 4501 θαμεῖαι
423 4431 460 4487 al.
738 4492 767 4541 ⁶
