2962 5070
589 321 826 384 -137-

113 478 181 565 πρό
218 488 328 546 mutari
365 487 453 553 iussit
485 487 514 544 in
545 476 644 545 Ἰλίοο
676 476 750 564 πρό.
800 483 933 563 Namque
966 485 1132 545 adulterina
1165 485 1292 546 lectione

114 574 285 664 οὐρανόθι
308 576 375 664 πρό
400 583 432 644 Γ
452 581 483 664 3,
507 601 581 662 quae
605 585 663 642 iam
687 584 902 661 antiquissimis
921 583 1106 664 temporibus
1134 587 1292 663 genuinam

113 690 144 742 et
178 701 267 743 versu
300 690 404 742 octavo
437 681 570 742 eiusdem
604 679 674 741 libri
706 682 909 742 confirmatam
936 681 1094 742 lectionem
1126 673 1293 763 οὐρανόθι

113 773 189 860 αροί
213 799 267 841 ειιο
291 780 356 841 Ιοοο
380 782 508 840 ιιιοι·ἰεεο
533 779 663 858 ridetur,
693 786 830 839 auctores
858 789 985 859 quatuor
1012 781 1131 841 illorum
1160 781 1294 842 locorum

114 882 145 940 iu
170 898 305 939 errorem
330 879 467 939 inductos
492 896 556 937 csse
581 876 770 938 verisimilius
795 896 860 937 csse
884 881 1021 959 exposui;
1044 879 1064 955 ξ
1089 876 1140 940 62.

205 977 225 1054 5
250 975 301 1039 81.
348 975 506 1036 Genetivos
530 977 604 1054 sing.
629 977 742 1054 primae
766 975 839 1035 decl.
864 978 894 1035 in
919 996 959 1036 αο
979 983 1012 1036 ut
1033 967 1205 1056 Ἀτρείδαο
1224 977 1292 1055 Πη-

113 1069 259 1156 ληιάδαο
285 1065 396 1136 Ἀίδαο
430 1073 567 1134 similiter
600 1080 689 1152 atque
717 1076 870 1151 genetivos
900 1076 931 1133 in
964 1094 1003 1135 oo
1033 1073 1165 1135 medium
1195 1073 1294 1134 locum

113 1177 194 1234 inter
233 1182 366 1234 vetustos
399 1182 430 1233 et
462 1171 583 1232 Homeri
616 1179 710 1231 aetate
743 1174 801 1231 iam
834 1171 959 1233 abolitos
992 1174 1143 1251 genetivus
1177 1175 1206 1232 iu
1240 1194 1294 1233 αιο
1385 1164 1386 1168 “

113 1282 145 1333 et
169 1281 339 1334 contractos
363 1274 515 1351 genetivos
539 1273 569 1330 in
593 1290 614 1330 α
638 1277 667 1330 et
691 1289 733 1329 ου
757 1269 891 1331 obtinere
916 1273 988 1331 satis
1007 1273 1084 1331 inter
1104 1289 1206 1330 ornnes
1226 1290 1293 1331 con-

66 1361 71 1368 ’
118 1380 186 1432 stat.
235 1370 363 1431 Eosdem
388 1370 500 1430 alienos
529 1369 620 1429 luisse
654 1368 690 1428 ab
714 1367 818 1428 lonum
847 1387 982 1428 sermone
1012 1376 1042 1428 et
1074 1387 1109 1427 οι
1143 1367 1294 1429 veteribus

113 1469 236 1530 aeolicis
260 1468 442 1529 carminibus
462 1466 620 1528 translatos
640 1466 733 1526 videri
751 1466 820 1525 iude
840 1466 1015 1546 collIgimus,
1039 1467 1116 1547 quod
1137 1469 1166 1526 iu
1186 1468 1295 1526 ceteris

114 1567 236 1627 illorum
261 1569 414 1627 nomiuum
438 1564 556 1625 casibus
576 1563 656 1624 velut
672 1554 839 1643 Ἀτρείδης
855 1556 1025 1644 Ἀτρείδην
1042 1555 1190 1642 Ἀτρείδη
1210 1572 1295 1624 vetris

30 1690 37 1701 ·
115 1667 227 1728 vocalis
250 1669 272 1726 ἇ
296 1683 378 1725 more
399 1664 502 1723 lunum
532 1665 562 1723 in
585 1685 606 1743 η
630 1661 711 1722 abiit.
749 1659 833 1730 Quod
855 1682 923 1722 rero
943 1663 1052 1723 aeolica
1076 1664 1137 1722 sire
1163 1661 1295 1722 boeotiea

114 1766 247 1844 genetivi
276 1763 369 1822 lorma
402 1762 588 1840 frequentior
617 1779 704 1841 quam
734 1761 830 1820 ionica
857 1763 888 1822 in
918 1761 1084 1823 llomeu'cis
1114 1761 1295 1823 carminibus

116 1874 175 1943 est,
203 1860 320 1921 facilem
343 1859 432 1920 habet
454 1859 642 1938 explicatum.
688 1858 761 1919 Nam
785 1867 815 1920 et
843 1861 971 1939 dignitas
999 1860 1118 1921 illorum
1143 1863 1295 1921 nominum

116 1961 389 2040 patronymicorum
410 1959 599 2039 splendorem
617 1958 750 2037 poeticae
771 1961 913 2020 orationis
932 1962 1038 2019 eximie
1058 1967 1145 2039 auget
1161 1967 1190 2019 ct
1206 1960 1296 2019 ionici

117 2059 249 2137 genetivi
269 2047 440 2136 Ἀτρείδεω
461 2051 674 2137 ἐριβρεμέτεω
689 2045 813 2114 ’Ἄλτεω
843 2058 900 2116 nisi
928 2056 1044 2117 duabus
1074 2056 1224 2117 vocalibus
1253 2076 1295 2117 εω

117 2156 281 2217 contractis
305 2157 336 2214 in
360 2155 537 2236 dactylicum
562 2164 690 2215 metrum
714 2155 777 2231 cogi
803 2173 862 2213 non
887 2163 1031 2232 poterant.
1075 2153 1173 2214 Nihilo
1198 2157 1296 2214 miuus

118 2265 219 2316 autem
240 2256 311 2314 satis
331 2253 446 2332 amplus
466 2272 609 2314 numerus
628 2254 794 2312 ionicorum
813 2255 1017 2330 genetivornm
1036 2255 1068 2313 in
1086 2252 1171 2312 libris
1186 2254 1297 2312 nostris

119 2354 246 2432 resedit,
275 2354 326 2432 qui
355 2351 476 2431 quidem
505 2353 676 2412 coniectura
700 2350 735 2409 ad
761 2352 910 2411 minimam
934 2359 1048 2430 partem
1072 2351 1176 2411 reduci
1199 2359 1297 2429 potest

119 2461 149 2511 et
173 2453 276 2510 nescio
300 2469 336 2510 an
360 2450 465 2510 reduci
488 2448 602 2509 debeat.
651 2447 768 2509 Etenim
792 2456 826 2509 ut
850 2451 990 2528 synizesis
1013 2449 1132 2510 licentia
1156 2468 1224 2508 raro
1248 2449 1296 2508 ad·

120 2551 212 2610 missa
239 2550 327 2609 metri
357 2550 534 2609 necessitate
563 2555 734 2628 excusatur,
765 2551 804 2608 ita
837 2547 943 2608 crebro
976 2550 1080 2608 iterata
1112 2547 1296 2606 stomachum

119 2649 275 2708 bominum
305 2665 364 2706 rron
392 2649 489 2724 potuit
517 2666 577 2707 non
601 2665 733 2727 movere3
761 2665 817 2726 qua
842 2647 878 2706 de
900 2664 988 2706 causa
1012 2648 1127 2704 reniam
1150 2653 1184 2705 ut
1205 2647 1296 2722 impe-

121 2754 181 2807 tret
208 2744 258 2804 ille
288 2745 396 2823 dignus
424 2747 496 2819 erit,
525 2747 576 2824 qni
600 2743 721 2803 Homeri
749 2746 914 2804 carminum
938 2745 1061 2803 sormam
1085 2745 1185 2822 potius
1210 2761 1296 2821 quarn

120 2845 267 2905 librorum
287 2851 317 2902 ot
335 2845 594 2921 grammaticorum
613 2840 732 2903 dubiam
752 2843 840 2902 lidcnr
862 2851 984 2903 secutus
1003 2845 1117 2902 minuto
1133 2845 1297 2902 ionicorum

121 2944 328 3021 genetivorum
362 2959 486 3001 numero
519 2949 553 3001 ut
585 2941 678 3001 mullo
711 2944 809 3001 rarirrs
843 2959 930 3001 aures
959 2941 1090 3001 iudicum
1119 2941 1297 3020 elegantium

120 3041 310 3102 oll'endautur
339 3043 489 3100 tironesne
518 3058 636 3100 versum
667 3040 843 3100 scandentes
867 3038 1009 3119 titubent,
1039 3040 1178 3099 cllecerit.
1225 3038 1297 3098 Nanr

120 3141 207 3218 longe
228 3139 349 3218 plurimi
370 3138 435 3218 loci,
460 3137 510 3198 ubi
529 3139 659 3217 genetivi
677 3140 708 3197 in
727 3158 770 3198 εω
790 3138 955 3217 vulgantur,
979 3140 1018 3196 ita
1039 3140 1200 3216 comparati
1220 3145 1298 3217 sunt,

123 3248 156 3300 ut
179 3236 296 3298 vocales
319 3237 384 3297 illae
410 3236 511 3297 linales
536 3236 628 3296 vocali
651 3235 756 3297 initiali
778 3238 930 3316 sequentis
950 3234 1083 3296 vocabuli
1103 3237 1298 3314 excipiantur,

123 3336 202 3397 uude
218 3338 372 3414 genetivos
387 3337 416 3395 in
432 3325 475 3414 α’,
490 3355 526 3395 ex
542 3333 835 3415 qrribusdsianorum
846 3334 968 3394 leolum
984 3336 1135 3413 genetivos
1145 3331 1299 3414 Κρονίδα

120 3427 214 3496 Ἀίδα
242 3443 323 3495 ortos
347 3453 412 3495 esse
436 3443 530 3514 patet,
554 3442 606 3495 tuo
629 3426 695 3493 iure
719 3432 848 3493 Homero
872 3433 986 3493 reddas.
1033 3431 1082 3493 Sic
1110 3451 1179 3492 cunr
1207 3433 1299 3491 nomi·

125 3552 196 3594 num
227 3528 489 3614 νεφεληγερέταο
522 3522 685 3612 ἀργέσταο
713 3530 938 3612 βαθυρρείταο
967 3525 1137 3612 έορρείταο
1167 3527 1299 3610 Δαρδα-

125 3629 224 3693 νίδαο
253 3628 419 3692 Αἰακίδαο
449 3627 634 3711 Πειραίδαο
666 3621 852 3690 Οἰδιπόδαο
877 3623 1027 3710 Λαέρταο
1051 3620 1202 3710 Ὀρέσταο
1231 3627 1299 3687 Τει-

124 3728 239 3811 ρεσίαο
259 3729 386 3790 aeolicae
407 3731 517 3789 lormae
537 3727 616 3788 solae
636 3728 791 3807 bucusque
812 3730 841 3788 in
856 3726 985 3788 Homero
1000 3727 1144 3806 legantur,
1159 3724 1301 3784 accedent

125 3829 180 3889 alia
209 3830 341 3907 nomina,
369 3845 497 3907 quornm
525 3829 655 3906 genetivi
678 3835 729 3887 aut
752 3829 783 3887 in
806 3846 846 3887 αο
870 3829 972 3886 autin
997 3818 1028 3885 α’
1055 3823 1192 3902 exibunt,
1221 3822 1301 3882 velut

122 3917 292 4007 Ἀτρείδαο
313 3933 342 3986 et
358 3915 533 4004 Ἀτρείδαζ
557 3922 727 4006 Πηλείδαο
747 3934 776 3985 et
795 3915 972 4004 Hnlae‘da',
986 3914 1163 4001 Πηλιάδαο
1183 3928 1213 3981 ct
1232 3922 1300 3999 Πη-

126 4015 382 4101 λιάδα’,”Αλταο
403 4033 433 4084 et
442 4014 568 4102 ''Al-ca',
589 4015 786 4103 Νηληιάδαο
806 4032 836 4083 el
850 4013 1053 4100 anopoide’,
1072 4011 1301 4080 Μενοιτιάδαο

127 4132 157 4183 et
174 4112 407 4202 Mevoteeolda',
427 4119 566 4182 Αἰνείαο
585 4129 615 4182 et
640 4111 783 4200 Αίνεία’,
807 4114 936 4201 Βορέαο
961 4108 1181 4198 et·Bope'oc'.¹)
1218 4115 1301 4176 Unde

234 4272 244 4338 )
264 4228 372 4322 Notata
390 4268 507 4337 dignum
526 4268 581 4333 est,
600 4268 676 4336 quod
695 4270 722 4321 Σ
739 4273 782 4335 93,
801 4282 857 4335 quo
875 4265 937 4319 loeo
958 4265 1044 4319 ceteri
1063 4261 1173 4318 codices
1192 4264 1300 4314 Μενοι-

128 4348 234 4404 τιάδεω
265 4345 385 4419 ἀποτίσῃ
415 4346 562 4417 exhibent,
588 4348 617 4401 in
645 4347 707 4402 cod.
731 4347 799 4402 Ven.
824 4352 845 4401 A
873 4344 1009 4416 scriptum
1038 4347 1080 4399 est
1107 4336 1301 4397 Μενοιτιάδαο

128 4425 259 4501 ἀποτίσῃ,
282 4428 467 4497 similiterque
486 4427 552 4482 libri
570 4428 681 4483 varient
701 4431 724 4481 Φ
744 4433 786 4482 86.
