2984 5092
184 339 249 403 534
668 342 819 393 ΙΛΙΑΔΟΣ
838 343 865 392 Π

182 498 371 587 Ἰδομενεὺς
395 498 426 568 δ’
451 498 635 589 Ἐρύμαντα
659 498 740 568 κατά
765 499 870 587 στόμα
893 503 982 587 νηλέι
1009 505 1117 593 χαλκῷ
1312 504 1359 571 25

185 606 276 688 νύξε·
300 608 337 675 τὸ
363 605 393 675 δ’
421 605 559 691 άντικρδ
584 608 670 696 δόρυ
692 611 831 694 χάλκεον
854 609 1048 693 ἐξεπέρησεν
1305 628 1360 678 346

185 715 309 797 νέρθεν
332 711 389 780 ὑπ’
416 715 629 800 ἐγκεφάλοιο,
652 716 770 782 κέασσε
794 712 825 780 δ’
851 711 905 802 ἄρ’
932 711 1030 782 ὀστέα
1053 713 1167 782 λευκά·

186 824 221 889 έκ
245 818 277 887 δ’
303 823 479 908 ἐτίναχθεν
503 818 653 905 ὀδόντες,
677 822 881 906 ἐνέπλησθεν
905 822 945 888 δέ
964 829 1021 888 θοι
1044 818 1143 907 άμφω

186 931 324 1014 αἵματος
348 928 534 1014 ὀφθαλμοί·
559 926 596 996 τό
621 925 652 995 δ’
679 924 742 995 άνά
768 926 873 1013 στόμα
896 927 951 994 καὶ
975 925 1056 994 κατά
1081 929 1176 1013 ῥῖνας

163 1039 290 1123 ’πρῆσε
312 1040 436 1122 χανοίν·
460 1033 614 1103 θανάτου
638 1033 675 1102 δὲ
697 1034 801 1121 μέλαν
823 1034 925 1119 νέφος
949 1030 1197 1120 ἀμφεκάλυψεν.

275 1133 370 1210 οὗτοι
394 1139 448 1231 ἄρ’
474 1140 635 1229 ἡγεμόνες
659 1144 808 1209 Δαναῶν
831 1141 909 1208 έλον
931 1137 1040 1226 ἄνδρα
1062 1141 1228 1220 ίέκαστος.

185 1250 230 1314 ὼε
253 1252 288 1315 δὲ
313 1252 402 1317 λύκοι
426 1253 588 1330 ίάρνεεειν
612 1253 774 1330 ἐπέχραον
797 1254 816 1330 ἢ
841 1251 996 1330 ἐρίφοιειν

186 1356 297 1436 είνται,
322 1358 401 1423 ὑπὲκ
424 1362 535 1439 μήλων
559 1359 754 1441 αἱρεύμενοι,
777 1359 811 1423 οἵ
833 1356 861 1422 τ’
884 1358 920 1421 ἐν
943 1355 1065 1434 όρεεειν

186 1467 338 1543 ποιμένοε
362 1465 533 1549 άφραδίηει
556 1468 737 1543 διέτμαγεν·
762 1465 792 1529 οἳ
816 1466 852 1529 δὲ
876 1463 1017 1529 ίιδόντεε

188 1570 269 1650 αἶψα
293 1572 519 1650 διαρπάζουειν
542 1572 697 1637 ἀνάλκιδα
720 1572 821 1649 θυμὸν
844 1571 991 1650 ἐχοόεαε·

187 1678 231 1741 ὣε
254 1680 382 1743 Δαναοί
406 1668 562 1758 Τριόειειν
586 1681 757 1758 ἐπέχραον.
803 1680 834 1742 οἳ
858 1680 894 1742 δὲ
917 1677 1035 1757 φόβοιο

187 1785 382 1850 δυσκελάδου
407 1788 578 1866 μνήιαντο,
604 1786 742 1851 λάθοντο
767 1787 802 1849 δὲ
827 1785 975 1862 θούριδος
998 1783 1103 1864 άλκῆε.

278 1896 363 1968 Αίας
386 1887 417 1956 δ’
444 1886 461 1957 ὁ
486 1891 587 1976 μέγας
612 1889 685 1958 αίλν
709 1885 762 1975 ἐφ’
790 1886 923 1974 Ἕκτορι
947 1891 1194 1975 χαλκοκορυστῇ

186 1992 271 2062 ίίεί
297 1993 501 2064 άκοντίσσαι·
528 1993 546 2064 δ
570 1996 608 2065 δὲ
629 2000 760 2084 ίιδρειή
784 1996 957 2081 πολέμοιο,

188 2098 305 2169 άσπίδι
328 2106 463 2191 ταυρείῃ
487 2104 732 2189 κεκαλυμμένος
755 2098 872 2189 εὐρέας
894 2099 1020 2187 έίμονς,

189 2205 334 2277 σκέπτετ’
361 2207 483 2277 ὀιστῶν
506 2235 540 2277 τε
564 2211 677 2294 ῥοῖζον
699 2210 754 2276 καὶ
779 2212 909 2276 δοῦπον
931 2206 1093 2276 άκόντων.

188 2308 210 2402 ἦ
234 2315 295 2402 μὲν
319 2319 360 2402 δὴ
385 2322 526 2402 γίνωσκε
550 2314 656 2403 μάχης
679 2317 852 2403 ἑτεραλκέα
875 2320 987 2400 νίκην·

189 2419 273 2489 άλλά
298 2421 352 2488 καί
377 2414 421 2503 ὥς
444 2420 621 2509 άνέμιμνε,
645 2423 714 2490 σάω
738 2419 770 2490 δ’
796 2420 953 2511 έρίίηρας
976 2421 1134 2506 ἑταίρους.

278 2530 322 2593 ὡ(
346 2529 375 2594 δ’
397 2530 446 2595 ὅτ’
468 2530 522 2596 ἀπ’
546 2532 719 2611 Οὐλύμπου
744 2534 845 2612 νέφοε
869 2530 995 2611 ἔρχεται
1019 2530 1161 2608 οὐρανὸν
1185 2529 1258 2594 είεω

190 2637 317 2715 αἰθέροε
340 2639 375 2702 ἐκ
399 2639 479 2718 δίης,
503 2637 557 2703 ὅτε
581 2660 616 2704 τε
639 2641 722 2715 Ζεὺε
746 2639 887 2704 λαίλαπα
909 2638 1010 2721 τείνῃ,
1309 2652 1362 2702 365

190 2744 234 2807 ὣι
257 2748 323 2807 τῶν
347 2746 381 2808 ἐκ
405 2749 492 2824 νηῶν
515 2746 629 2822 γένετο
652 2749 743 2826 ίιαχή
767 2768 801 2811 τε
826 2746 930 2826 φόβοι
953 2765 1004 2810 τε·

190 2852 265 2915 οὐδὲ
291 2852 370 2914 κατά
394 2858 509 2931 μοῖραν
533 2854 656 2931 πέραον
679 2853 784 2917 πάλιν.
830 2855 966 2931 Ἕκτορα
990 2851 1018 2915 δ’
1040 2852 1134 2917 ίπποι

190 2957 330 3036 ἔκφερον
354 2957 520 3023 ὠκύποδεε
545 2962 600 3023 (ὺν
623 2961 759 3039 τεύχεα,
784 2965 874 3025 λεῖπε
898 2962 934 3023 δὲ
951 2958 1039 3023 ,λαόν

190 3064 346 3142 Τρωικόν,
371 3068 427 3129 οδε
451 3064 622 3130 ἀίέκονται
646 3066 761 3146 ὀρυκτὴ
785 3067 909 3146 τάφροε
933 3066 1053 3145 ἔρυκεν.

191 3172 307 3234 πολλοὶ
331 3170 359 3235 δ’
382 3173 418 3236 ἐν
442 3172 556 3254 τάφρῳ
580 3174 807 3252 ίερυεάρματεε
832 3174 929 3237 δικέεε
952 3173 1046 3236 ’ίπποι

192 3277 317 3342 ίάξαντ’
340 3280 377 3342 ἐν
401 3280 519 3362 πρώτῳ
544 3280 632 3364 ῥυμῷ
657 3281 751 3345 λίπον
775 3282 858 3360 ἅρμα
881 3279 1055 3345 ίανάκτων.

190 3383 378 3463 Πάτροκλοε
402 3383 430 3448 δ’
454 3387 550 3450 ’έπετο
574 3389 736 3465 εφεδανὸν
760 3390 916 3452 Δανοοῑει
942 3388 1096 3461 κελεύων,

191 3492 293 3571 Τρωεὶ
316 3492 396 3556 κακά
419 3494 580 3571 φρονέων.
626 3495 656 3557 οἳ
681 3496 715 3557 δέ
739 3500 830 3578 ίιαχῇ
854 3515 889 3558 τε
913 3493 1007 3575 φόβῳ
1031 3514 1065 3556 τε

263 3699 461 3748 346=u162
535 3696 734 3748 350=0180
807 3691 1030 3748 357¹>=0322
1100 3690 1327 3746 359b=1v585

192 3779 398 3827 ³66=A456
471 3777 671 3827 371³=z40
743 3780 880 3828 372=A
899 3779 956 3828 165.

263 3957 314 4005 345
333 3971 375 4019 γρ.
393 3946 551 4020 Ὀρόμαντα
570 3951 700 4005 schol.v
768 3957 819 4005 349
839 3947 980 4022 ὀφθαλμώ
1000 3951 1071 4005 coni.
1091 3951 1158 4005 Situ
1226 3957 1276 4005 351
1301 3950 1364 4006 ἕλεν

192 4032 265 4085 C-
286 4027 379 4100 ἄνδρα
401 4031 521 4087 ἕκαστον
541 4031 572 4098 S,
598 4052 639 4100 γρ.
659 4027 765 4101 ἄνδρας
784 4028 914 4100 άρίστονς
932 4032 1062 4086 schol.A
1141 4036 1192 4085 354
1211 4030 1364 4100 διέτμαγον

193 4113 211 4166 S
299 4118 439 4166 358-363
459 4111 577 4181 posthac
595 4112 706 4166 additos
725 4115 807 4182 putat
825 4114 958 4180 Diintzer,
982 4115 1047 4167 ουόο
1066 4119 1170 4166 352—'1
1190 4111 1365 4180 transposuit

192 4191 315 4261 Κόοδλγ,
340 4193 373 4247 cf.
394 4193 463 4263 prol.
483 4211 511 4261 p.
530 4198 564 4247 26
655 4199 706 4247 363
731 4189 801 4248 σάου
820 4194 909 4248 Cobet
930 4193 1007 4248 miso.
1028 4193 1088 4248 crit.
1108 4199 1159 4246 293
1250 4195 1302 4246 365
1321 4212 1363 4260 γρ.

193 4274 307 4326 λαίλαπι
327 4272 412 4326 schol.
433 4272 455 4324 B
556 4279 694 4328 367-371
718 4277 870 4343 expunctos
890 4275 951 4328 vult
968 4273 1064 4328 Naber
1082 4274 1187 4341 quaest.
1207 4272 1282 4328 hom.
1304 4277 1364 4341 186,

192 4351 253 4420 ipse
272 4351 366 4421 potius
385 4358 525 4406 377-383
545 4352 728 4423 interpolatos
748 4353 838 4407 sentio
942 4360 992 4408 369
1014 4351 1127 4421 έρυκενε
1156 4350 1234 4420 ἔεργε
1256 4353 1274 4406 S

194 4437 247 4485 371
268 4427 371 4501 ἅρματ’
392 4427 523 4487 ἀνάκτων
543 4433 622 4487 codd.
729 4439 844 4488 372—ss
863 4433 928 4490 οἱον.
948 4434 1065 4504 Κόολιλγ.
