2984 5092
619 334 857 397 -122-

288 486 360 556 ἀλλ’
381 488 440 575 άγε
461 489 608 576 ὁιογενές
626 490 856 576 Πατρόκλείες
875 488 1095 577 (Πατρόκλεις
1112 489 1216 578 cedd.)
1234 493 1330 577 ἔξαγε

952 586 1080 675 κούρην
1103 588 1152 673 (Α
1174 589 1273 676 337)-

289 688 422 752 στεῦται
449 683 513 772 γάρ
542 691 635 771 νηῶν
658 684 869 773 άποκοψέμεν
894 683 1094 775 (ἀποκόψειν
1117 685 1219 775 codd.)
1242 684 1331 773 άκρα

954 783 1107 871 κόρυμβα
1130 786 1167 873 (Ι
1188 784 1285 872 240·

290 886 373 967 νῆας
405 881 456 948 ἐπὶ
489 880 664 968 γλαφυράς
696 885 783 950 ἰέναι
815 881 866 951 ἰδὲ
895 879 968 970 (ἠδ’
999 883 1103 969 codd.)
1129 879 1230 969 ίάριί
1262 884 1330 951 ἐκέ-

952 988 1049 1048 λευεν
1071 980 1117 1067 (Γ
1139 981 1228 1068 119).

244 1085 346 1164 Neque
365 1087 513 1145 immerito
532 1104 578 1145 me
599 1085 827 1167 reprehendent,
846 1086 924 1164 ιμιοιΙ
944 1087 974 1144 in
994 1084 1049 1145 hac
1063 1084 1134 1145 sede
1149 1102 1256 1145 versus
1272 1102 1331 1145 non

155 1182 266 1262 ultique
286 1182 339 1243 ἔεν
359 1202 413 1262 pro
432 1167 487 1263 ἦν,
507 1193 540 1244 ut
558 1192 625 1243 ante
641 1186 912 1262 interpunctionem
928 1185 1052 1244 lecimus
1066 1185 1097 1244 in
1112 1202 1201 1243 versu
1220 1184 1248 1245 B
1264 1180 1331 1244 313

289 1271 390 1359 ὀκτώ,
413 1272 497 1362 άτάρ
520 1274 627 1362 μήτηρ
652 1275 751 1362 ἐνάτη
775 1281 830 1343 ἔεν
852 1269 910 1363 (ἦν
933 1274 1045 1363 codd),
1068 1270 1088 1361 ἢ
1111 1275 1184 1342 τέκε
1207 1275 1309 1342 τέκνα

156 1379 322 1440 rescribere
345 1398 436 1440 ausus
459 1382 523 1440 sim.

245 1477 337 1537 Porro
365 1477 503 1558 dactylici
530 1477 621 1557 pedes
648 1497 708 1537 uno
733 1477 875 1538 vocabulo
903 1476 1013 1555 expleti
1036 1478 1135 1537 minus
1164 1495 1254 1556 quarn
1278 1479 1332 1557 qui

155 1586 206 1636 ant
230 1584 295 1653 post
325 1575 440 1655 longam
464 1585 516 1636 arri
543 1578 669 1655 primam
694 1576 812 1636 brevem
837 1575 1023 1654 inciduntur,
1051 1573 1175 1635 auribus
1202 1574 1330 1655 placent,

155 1682 185 1733 et
209 1676 331 1753 quintus
351 1693 404 1752 pes
422 1674 598 1754 dactylicus,
622 1676 673 1753 (pri
692 1693 845 1735 caesuram
868 1680 936 1753 post
954 1674 1078 1751 primam
1099 1671 1219 1733 brevem
1239 1691 1330 1751 ‹puam

155 1774 207 1850 qui
234 1781 302 1851 post
330 1771 445 1851 longam
474 1772 613 1852 syllabam
643 1771 743 1852 habet,
771 1772 958 1832 numerosior
981 1778 1035 1830 est.
1082 1768 1144 1849 Ego
1170 1778 1270 1829 tamen
1294 1770 1330 1831 ad

155 1890 289 1931 normam
319 1872 423 1931 lrarrrm
452 1872 599 1931 rationum
629 1890 687 1930 non
711 1890 819 1930 emices
848 1887 951 1929 versus
979 1867 1115 1945 redigere
1138 1885 1230 1928 ausus
1253 1887 1333 1950 sirm,

155 1968 226 2029 licet
254 1968 359 2028 similia
389 1967 579 2028 Aristarchus
609 1967 653 2028 vel
682 1969 853 2048 quicunqne
884 1986 918 2027 ex
949 1964 1099 2025 veteribus
1128 1966 1332 2043 grammaticis

156 2075 269 2126 textum
293 2068 458 2127 carminum
483 2065 708 2126 llomericornm
731 2066 899 2144 coustituit,
927 2070 1078 2142 spectasse
1103 2061 1251 2142 videatur,
1277 2062 1330 2123 sed

156 2167 182 2225 si
210 2164 328 2224 codices
357 2162 509 2224 variabant
537 2164 581 2224 vel
611 2163 719 2225 vocalis
747 2182 806 2223 non
831 2164 923 2240 magis
948 2163 1042 2240 priori
1066 2158 1208 2220 vocabulo
1232 2160 1331 2222 subici

156 2281 243 2342 quam
277 2262 361 2322 alteri
394 2263 516 2340 praeligi
549 2271 665 2340 poterat
698 2261 742 2321 vel
775 2261 902 2321 admissa
934 2259 1140 2319 emendatione
1177 2257 1268 2319 simul
1292 2251 1331 2319 'et

157 2362 272 2421 numeri
302 2358 505 2438 levigalmntur
533 2369 563 2419 et
591 2359 680 2419 elisae
704 2359 812 2420 roralis
836 2379 857 2418 α
881 2356 926 2418 vel
950 2379 962 2418 ι
987 2356 1030 2416 rel
1056 2376 1074 2415 ο
1097 2356 1224 2417 durities
1248 2357 1331 2419 tolle·

156 2458 256 2536 batur,
285 2457 351 2517 lites
379 2460 639 2536 grammaticorum
668 2458 801 2517 metricis
829 2455 888 2517 illis
916 2454 1081 2516 rationibus
1109 2455 1332 2535 componendas

155 2574 221 2615 esse
249 2557 427 2635 existimavi,
460 2554 538 2634 quiid
567 2574 627 2634 qno
659 2554 760 2615 tendat
786 2561 818 2615 ut
843 2553 960 2614 facilius
988 2552 1156 2634 intellegas,
1187 2552 1330 2615 nonnulla

156 2653 288 2732 exenrpla
313 2653 538 2713 emendatorum
563 2670 701 2712 versuum
726 2670 884 2730 apponam:

311 2741 361 2825 dig
393 2742 486 2829 ἔφατ’
522 2740 717 2830 εύχόμενος;
750 2746 811 2810 τοῦ
844 2741 880 2809 dl
912 2740 991 2809 κλύε
1024 2736 1072 2832 (δ’
1104 2746 1198 2809 ἔκλυε
1227 2742 1331 2830 codd.)

798 2845 922 2925 Φοῖβος
943 2837 1111 2907 Ἀπόλλων
1135 2840 1182 2927 (Α
1205 2844 1280 2928 43).

315 2938 380 3019 τὼς
398 2940 438 3006 de'
454 2937 485 3006 o'
507 2937 704 3025 ἀπεχθήρω,
724 2935 769 3017 ὡς
786 2941 852 3005 νῦν
871 2942 1016 3022 ἔκπαγλα
1034 2943 1160 3023 φίλησα
1178 2934 1330 3026 (ἔκπαγλ’

795 3038 880 3121 ἔφιλ.
905 3061 930 3103 v.
953 3041 971 3101 l.
997 3041 1029 3101 Γ
1046 3035 1140 3122 415)·

316 3133 423 3220 αύτάρ
456 3135 524 3202 ἐπεὶ
556 3131 638 3200 κατὰ
672 3137 761 3220 μῆρα
794 3132 858 3218 κάη
890 3133 945 3199 καὶ
978 3132 1150 3219 σπλάγχνα
1178 3131 1332 3202 πάσαντο

796 3228 973 3320 (σπλάγχν’
999 3233 1091 3297 ἔπασ.
1110 3256 1135 3297 v.
1150 3236 1167 3296 l.
1189 3236 1215 3297 Β
1234 3232 1335 3319 427)-

316 3338 411 3417 γαίης
444 3327 519 3397 οὐδ’
560 3328 679 3417 όρέων·
717 3326 984 3415 μεταπαυόμενοι
1022 3327 1058 3394 dl
1095 3325 1242 3413 μάχοντο
1277 3324 1332 3415 (d'

797 3424 960 3512 ἐμάχοντο
984 3452 1010 3493 v.
1035 3432 1053 3492 l.
1077 3433 1106 3492 P
1126 3428 1218 3513 373)·

320 3526 446 3613 Τρώων
481 3527 536 3592 καὶ
573 3526 693 3604 πολεάς
730 3523 834 3615 ζωοὺς
866 3524 943 3590 ἔλον
976 3520 1034 3610 ἠδὲ
1072 3524 1220 3607 πέρασσα
1253 3518 1332 3609 (ηδ’

528 3705 532 3711 ,
795 3623 880 3706 ἔπερ.
905 3646 929 3687 v.
954 3626 972 3687 l.
998 3627 1029 3688 Φ
1053 3620 1141 3708 102).

246 3732 326 3792 ldem
345 3750 413 3790 cum
434 3730 573 3789 duritiem
593 3728 683 3788 elisue
702 3725 810 3785 vocalis
830 3745 851 3784 α
870 3727 969 3785 miuus
988 3714 1228 3804 quam'dactylici
1244 3724 1332 3802 pedis

157 3850 215 3893 rino
240 3828 381 3890 vocabulo
406 3827 549 3907 dactylico
575 3825 683 3905 expleti
708 3824 854 3885 vitandam
874 3823 1025 3905 ducerem,
1044 3832 1144 3902 spreta
1163 3822 1334 3884 Aristarchi

157 3929 332 3990 auctoritate
357 3928 466 4005 scripsi

316 4023 351 4085 ol
386 4016 417 4084 d'
455 4015 722 4102 ἀπελυμαίνοντο
759 4013 814 4079 καὶ
852 4017 898 4092 είς
933 4010 997 4079 άλα
1030 4008 1149 4098 λύματ’
1185 4016 1333 4097 ἔβαλλον

673 4111 817 4197 (λύματα
840 4109 967 4194 βάλλον
992 4138 1015 4177 v.
1042 4117 1059 4178 l.
1083 4120 1115 4177 A
1137 4110 1233 4199 314)·

157 4220 305 4299 similique
337 4219 451 4277 ratione
484 4216 637 4277 elisionem
665 4224 732 4276 ante
761 4217 1030 4293 interpunctionem
1059 4219 1098 4276 ita
1128 4215 1203 4295 lugi,
1238 4226 1273 4277 ut
1300 4219 1333 4277 in

158 4335 244 4377 versu
272 4317 299 4375 A
323 4312 365 4372 88

316 4405 451 4491 τάμνων
476 4406 617 4493 δένδρεα
639 4406 764 4493 μακρά,
787 4403 870 4484 άὸος
892 4406 929 4472 τί
949 4431 1007 4491 μιν
1030 4408 1117 4471 ἵκετο
1140 4403 1258 4490 θυμόν
