2962 5070
607 341 843 406 -161-

138 492 238 581 ἕὲρσή
267 511 297 563 et
324 494 471 583 ἐερσήεις
503 503 655 564 declarare
687 504 839 587 videntum
869 506 920 566 sed
955 507 1079 587 simplex
1112 499 1242 590 ἓρσήεις
1272 510 1314 571 di·

139 618 255 678 gammo
279 608 360 662 caret
384 603 415 660 in
439 603 553 661 naeniis
577 599 674 661 ultimi
697 601 767 662 libri
794 603 827 664 Ω
852 600 914 665 757
950 614 979 666 et
1009 609 1097 667 etiam
1125 605 1155 677 Ξ
1181 604 1259 688 348,
1288 610 1315 669 si

140 699 276 760 codicum
301 699 388 760 fidem
413 703 575 779 sequimur.
623 695 769 783 (caruisse
794 697 935 786 videtur.)

227 791 338 878 leprico
362 799 512 860 diversum
541 799 612 859 illud
637 818 652 858 a
681 791 820 880 ῥύομαι,
854 800 933 879 quod
968 821 1003 862 ex
1038 795 1182 884 σράομαι
1215 813 1315 865 ortum
1354 787 1356 792 ⁵

141 914 207 956 esse
223 896 282 955 Leo
307 897 407 976 llleyer
430 897 464 957 ll.
489 896 518 956 Ζ.
540 895 603 955 xlv
622 894 665 957 88
690 896 800 976 docuit,
824 899 881 958 iam
905 898 1026 960 Homeri
1049 909 1144 962 aetate
1168 901 1314 979 digamma
1360 909 1374 934 ·

140 993 257 1055 abicere
282 997 415 1074 coepisse
440 1004 562 1074 apparet
590 1014 624 1054 ex
646 997 677 1055 A
703 994 763 1057 141
791 1023 832 1045 =
855 1000 882 1057 o
905 994 948 1057 34
971 1024 1014 1046 =
1037 1015 1061 1058 π
1084 996 1157 1061 348.
1184 1002 1216 1059 Δ
1238 996 1314 1060 492.

144 1090 263 1154 Ρο35.
294 1091 366 1154 713.
397 1095 426 1152 P
447 1090 520 1152 311.
556 1093 593 1151 Ψ
611 1090 663 1153 21.
694 1092 728 1151 dd
753 1092 807 1174 16,
836 1092 887 1153 sed
917 1096 1076 1172 quominus
1105 1114 1228 1173 prorsus
1258 1100 1316 1159 iam

140 1191 288 1251 abiectum
312 1192 457 1270 digamma
482 1192 573 1251 luisse
598 1193 763 1272 opinemur,
788 1192 890 1253 multis
909 1191 991 1272 locis3
1015 1192 1125 1270 quibus
1148 1212 1231 1256 suam
1256 1199 1315 1257 vim
1417 1187 1424 1198 ’

141 1297 251 1368 tuetur,
276 1289 355 1349 velut
379 1283 416 1351 dl
438 1282 698 1369 depvoodpevog
722 1283 824 1351 πάλιν
838 1281 1017 1370 Ι7ορύσασα
1041 1290 1243 1368 prohibemur.
1280 1293 1315 1354 ln

142 1405 228 1447 versu
255 1387 283 1447 0
306 1385 348 1449 29
372 1380 433 1448 τὸν
456 1379 518 1467 μὲν
541 1378 629 1466 ἒγων
652 1386 754 1448 ἔνθεν
777 1381 932 1469 ῥυσάμην
955 1381 1011 1447 καὶ
1030 1378 1202 1469 ἀνήγαγον
1221 1376 1316 1464 αὖτις

141 1485 265 1546 verbum
293 1479 461 1567 ῥυσάμην,
490 1504 558 1545 cum
587 1485 775 1568 extrahendi,
807 1504 866 1546 non
895 1485 1031 1545 servandi
1061 1488 1119 1546 virn
1147 1487 1267 1571 babeat,
1299 1509 1316 1549 a

139 1597 225 1663 poeta
247 1576 425 1665 fpvoeipqv
448 1587 467 1645 i
491 1603 516 1644 e.
539 1577 764 1667 f(e)pvooipqv
787 1585 1012 1663 pronuntiatum
1036 1602 1101 1644 esse
1126 1586 1251 1648 videtur.

229 1678 337 1755 thos*
361 1682 507 1761 digamma
530 1682 619 1743 hrrius
643 1684 784 1762 nominiS,
808 1685 895 1743 cuius
919 1689 1000 1741 certa
1031 1690 1061 1742 et
1085 1682 1247 1745 indubitata
1272 1687 1314 1745 in-

140 1782 215 1841 dicia
247 1781 413 1842 Homericis
442 1780 624 1842 carminibus
652 1780 756 1841 deesse
785 1780 932 1840 llnoesius
960 1798 987 1857 p.
1020 1776 1082 1840 108
1106 1783 1235 1862 monuit,
1264 1801 1313 1842 ne·

139 1878 268 1956 glectum
294 1888 339 1939 est
363 1899 422 1939 uuo
452 1878 517 1939 loco
543 1868 679 1940 τοσαῦτ’
710 1877 783 1939 ἔτεα
811 1878 839 1938 Β
867 1874 947 1956 328,
978 1876 1056 1954 quod
1086 1880 1138 1957 qui
1165 1877 1312 1940 τοσαῦτα

141 1971 220 2057 ἕέτή
244 1977 388 2056 scribunt,
413 1996 449 2037 ex
474 1976 569 2056 Scylla
593 1978 623 2036 in
647 1975 826 2056 Charybdim
849 1975 993 2035 incidunt.

227 2068 334 2155 epota
353 2084 383 2136 et
400 2073 514 2156 άήὸος,
535 2092 692 2154 quaecum
711 2066 871 2135 ravodva
891 2073 1051 2133 cohaerere
1065 2081 1154 2154 patet,
1170 2074 1315 2153 digamma

139 2173 278 2233 instabile
302 2174 442 2234 habuisse
466 2173 617 2253 videntur,
645 2191 701 2251 qua
726 2172 762 2233 de
786 2190 874 2233 causa
900 2174 930 2232 A
953 2169 1028 2232 576.
1053 2172 1084 2232 A
1107 2169 1180 2233 318.
1205 2186 1225 2233 σ
1249 2172 1314 2236 404

141 2271 279 2332 traditam
303 2271 460 2333 lectionem
484 2268 608 2350 ἐσθλῆς
631 2268 760 2331 ἔσσεται
788 2255 870 2350 ridor
898 2273 1028 2331 retinere
1058 2290 1146 2350 quarn
1176 2275 1338 2353 pessimis,

141 2373 273 2431 numeris
306 2391 374 2431 cum
403 2371 516 2450 lleynio
549 2378 579 2429 ot
606 2366 741 2427 lleldrero
772 2364 896 2447 ἐσθλῆς
924 2367 1015 2428 ἔσται
1042 2365 1148 2448 7ήοος
1180 2370 1313 2431 scribere

140 2469 243 2550 malui,
275 2489 373 2549 neque
401 2472 539 2549 cuiquam
570 2474 678 2527 auctor
701 2466 756 2523 sim
785 2464 961 2526 emendandi
986 2483 1036 2524 sex
1061 2463 1209 2544 Odysseae
1233 2466 1314 2525 locos

139 2589 160 2648 γ
184 2565 236 2628 51,
258 2571 285 2628 θ
308 2566 360 2629 64.
385 2591 396 2629 ι
421 2566 494 2630 210.
518 2587 539 2627 ν
563 2562 613 2626 80.
635 2583 654 2623 τ
677 2558 751 2621 510.
775 2559 877 2637 ω95.
929 2560 1010 2621 ldem
1038 2570 1136 2622 tamen
1165 2564 1196 2622 iu
1225 2562 1314 2623 iliade

142 2665 296 2726 emendavi
325 2669 358 2726 Δ
391 2664 449 2728 131
482 2657 501 2726 6
530 2653 603 2746 (ὅθ’
635 2655 734 2741 codd.)
761 2652 859 2739 fqde't·
890 2669 920 2721 et
951 2661 1148 2721 inveteratum
1182 2679 1315 2721 errorem

140 2755 291 2842 νήδυμος
313 2767 440 2842 genuino
464 2763 557 2823 forma
576 2751 735 2840 άήὸνμος,
758 2760 844 2818 cuius
867 2760 1010 2819 momoria
1030 2761 1061 2819 iu
1085 2757 1175 2819 schol.
1199 2755 1229 2829 Ξ
1250 2757 1315 2819 242

141 2868 254 2920 servata
274 2870 329 2942 est,
352 2868 487 2921 revocata
508 2858 616 2939 expuli.
653 2856 786 2935 lienique
809 2848 955 2936 ἅσμενος
977 2876 1014 2917 an
1036 2850 1205 2937 adapevog
1227 2866 1314 2936 poeta

140 2958 262 3039 dixerit,
286 2978 345 3019 noo
369 2968 468 3039 potest
491 2959 628 3020 discerni.

211 3053 315 3136 trino
339 3056 483 3137 digamma
512 3056 649 3118 babuisse
683 3055 781 3114 minus
814 3073 849 3115 ex
883 3057 998 3134 origine
1031 3054 1167 3116 vocabuli
1200 3056 1313 3115 incerta

141 3173 227 3232 quarn
261 3174 295 3213 ex
330 3156 513 3235 diphthongo
544 3154 623 3214 finali
654 3144 759 3214 αὐτοῦ
791 3155 822 3213 iu
858 3153 933 3214 thesi
966 3160 1034 3213 ante
1067 3137 1131 3231 ήκα
1167 3153 1313 3231 producta

141 3272 160 3331 ρ
188 3249 253 3312 254
277 3253 429 3332 probabile
453 3255 499 3335 tit;
528 3272 606 3314 nuris
630 3254 682 3330 qui
701 3250 799 3311 obstat
818 3250 901 3311 locus
921 3263 942 3311 σ
959 3248 1003 3312 92
1023 3250 1107 3310 lacile
1131 3250 1315 3311 emendatur.

228 3343 313 3429 fqgrj
343 3358 373 3411 ot
404 3344 538 3432 fqgrlatg
567 3369 636 3412 cum
669 3350 815 3428 digammo
843 3348 965 3409 homeri
997 3356 1092 3409 aetate
1124 3352 1314 3427 pronuntiata

142 3466 206 3507 esse
231 3466 265 3506 ex
291 3447 408 3509 duobus
431 3449 506 3510 locis
530 3452 562 3509 A
582 3445 643 3509 157
663 3438 819 3509 θάλασσά
842 3465 877 3507 τε
899 3439 1068 3527 ὧήχήεσσα
1092 3455 1123 3507 et
1146 3444 1166 3507 d
1191 3444 1233 3508 72
1253 3440 1316 3508 doi-

140 3566 226 3624 ματα
255 3539 420 3626 ἱήχήεντα
444 3547 587 3627 eflicitur,
620 3545 671 3606 sed
695 3545 833 3606 traditam
862 3544 1019 3606 lectionem
1047 3537 1205 3624 πολέμοιο
1237 3542 1314 3605 dvo-

140 3635 236 3723 ηχέος
268 3646 297 3704 in
330 3636 478 3705 colicon
510 3635 693 3724 doofiqxe'oc
724 3636 768 3726 (B
802 3639 875 3704 686.
903 3643 942 3703 Η
966 3639 1039 3704 376.
1073 3639 1147 3703 395.
1186 3643 1216 3701 A
1240 3639 1313 3703 524.

141 3737 214 3802 590.
240 3741 275 3800 Ν
295 3738 368 3803 535.
393 3744 430 3802 Π
449 3741 525 3804 442.
548 3742 582 3801 Σ
602 3738 676 3801 307.
700 3737 776 3801 464.
799 3741 829 3800 Χ
854 3733 932 3824 180)
960 3743 1111 3819 corrigere
1140 3758 1198 3799 oon
1223 3758 1313 3800 ausus

141 3856 216 3919 snm,
240 3841 379 3918 quoniam
403 3842 491 3900 etiam
515 3830 699 3917 1οὑυήχής
723 3839 767 3896 vis
789 3837 928 3916 digammi
953 3837 1086 3915 neglecta
1111 3845 1165 3897 est.

228 3931 334 4018 hoigar
358 3946 388 3998 et
409 3930 509 4018 drage}
533 3957 548 3997 a
573 3937 720 4016 digammo
739 3935 808 3995 olim
827 3954 932 3996 exorsa
951 3954 1016 3995 esse
1036 3954 1071 3995 ex
1091 3934 1201 3995 aeolica
1220 3936 1313 3996 forma

140 4025 280 4115 αὐίαχος
302 4038 409 4096 merito
440 4034 634 4116 concludunt,
667 4035 758 4096 medii
781 4042 880 4094 autem
913 4033 1051 4112 digammi
1080 4026 1209 4113 ftfdxoa
1233 4033 1312 4094 nulla

141 4135 197 4192 iam
221 4141 394 4213 comparent
418 4134 534 4195 iudicia.
572 4133 630 4195 Sed
654 4132 759 4194 initiali
784 4150 902 4212 quoquc
921 4132 1097 4191 consonanti
1116 4133 1242 4210 spiranti
1260 4134 1313 4192 im·

140 4230 306 4309 perlectum
330 4233 416 4312 ἴαχε,
444 4233 530 4292 cuius
554 4231 674 4311 quidem
698 4231 807 4290 vocalis
836 4250 847 4290 ι
876 4229 1019 4307 producta
1044 4237 1103 4310 est,
1131 4229 1313 4310 adversatur,

141 4336 174 4388 ut
197 4319 312 4407 μεγάλ’
339 4331 420 4409 ἴαχε,
445 4325 497 4390 ἐπὶ
521 4319 553 4389 d'
580 4331 661 4410 ἴαχε,
685 4322 760 4409 περὶ
784 4319 814 4388 d’
841 4329 923 4407 ἴαχε,
948 4328 1026 4407 quod
1051 4346 1118 4387 cum
1143 4348 1177 4388 ex
1203 4322 1313 4408 ἐέίαχε

140 4433 240 4486 ortum
265 4428 312 4507 sit,
337 4428 362 4486 si
386 4427 456 4504 quid
480 4427 655 4488 mutandum
679 4444 842 4507 censerem,
866 4444 924 4485 non
949 4444 1017 4487 cum
1042 4425 1173 4487 llartelio
1195 4417 1314 4506 ὐίαγεν

193 4537 258 4589 illas,
271 4537 307 4578 ed.
322 4535 406 4578 cun-e
1065 4531 1097 4581 11
