2962 5070
611 313 849 376 -121-

142 488 203 538 tam
231 477 317 539 lacile
346 479 411 539 ausi
434 495 546 539 sumus.
592 475 672 537 Alios
698 477 815 538 tuturos
838 497 904 538 esse
927 497 1015 557 spero
1040 487 1069 537 et
1092 496 1236 556 auguror,
1264 480 1315 556 qui

141 579 404 656 grammaticorum
432 575 591 655 supercilia
619 576 703 636 llocci
732 576 876 637 ducentes
904 579 1055 656 inceptum
1083 595 1158 654 opus
1189 576 1223 635 ad
1255 594 1316 635 um·

141 674 264 735 bilicum
282 673 449 753 perducere
469 674 599 735 tendant.
628 673 687 733 Nos
707 675 769 734 lere
787 676 825 735 iis
845 674 931 754 locis,
949 677 980 734 iu
1001 674 1109 753 quihus
1128 682 1179 734 aut
1197 674 1315 734 codices

141 773 288 834 lluctuant
307 782 359 833 aut
377 772 451 833 nihil
470 772 606 833 codicum
626 791 791 834 cousensus
812 772 900 854 valet,
919 774 1132 852 elegantiarum
1152 773 1316 834 rationibus

142 871 328 951 studuimus,
352 890 426 952 quae
451 871 554 951 quales
578 873 703 952 luerint,
726 871 857 933 breviter
881 874 938 931 iam
963 889 1153 951 exponamus,

230 970 265 1030 lu
288 971 386 1049 primo
409 968 484 1048 pede
508 968 669 1030 Homerum
693 969 858 1049 spondeum
881 969 996 1050 dactylo
1019 970 1224 1048 anteposuisse
1248 988 1316 1028 cum

141 1068 297 1128 Behlverus
316 1067 400 1127 llom.
415 1066 557 1128 Blatterl
580 1064 641 1128 138
662 1065 719 1126 sihi
737 1070 946 1147 persuasisset,
970 1067 1024 1127 hac
1044 1086 1147 1127 versus
1166 1066 1236 1126 sede
1256 1084 1315 1125 non

140 1167 239 1227 solnm
258 1172 427 1226 contractas
446 1164 583 1225 codicum
607 1165 716 1224 formas
739 1156 861 1245 θάρσει
884 1157 999 1245 ἤσκειν
1018 1164 1074 1225 alia
1093 1165 1121 1224 id
1142 1182 1236 1242 geritis
1256 1181 1315 1222 non
1376 1216 1377 1220 ,

140 1263 323 1343 sollicitavit,
348 1261 400 1322 sed
428 1263 518 1321 etiam
546 1280 636 1322 novas
664 1271 693 1323 et
717 1261 831 1344 dubias,
853 1262 934 1322 velut
964 1252 1093 1323 ἑστεῶτ’
1119 1261 1147 1322 Β
1172 1258 1226 1341 70,
1250 1257 1319 1320 υἱεῖ

141 1363 173 1424 Γ
195 1359 269 1439 114,
293 1352 359 1442 ᾔδη
383 1357 510 1440 3409,
534 1362 629 1420 textui
652 1359 761 1420 intulit.
807 1359 912 1421 llerito
939 1361 995 1422 hoc
1020 1363 1138 1420 nomine
1162 1358 1315 1419 Bellienus

139 1481 156 1523 a
181 1459 315 1521 Nauclvio
339 1458 539 1537 reprehensus
563 1469 622 1540 est,
646 1459 697 1519 sed
722 1461 810 1518 etiam
835 1461 933 1520 minus
956 1459 1013 1538 hic,
1042 1457 1134 1537 quod,
1159 1464 1192 1524 ut
1215 1455 1313 1534 dacty-

136 1559 235 1619 lorum
259 1558 347 1637 primi
371 1557 456 1636 pedis
481 1576 638 1619 numerum
662 1567 797 1638 augeret,
820 1548 944 1638 ἄγ’χόθι
964 1577 1018 1637 pro
1042 1549 1164 1637 ἀγχοῦ,
1189 1545 1314 1616 αὐτόθι

136 1675 193 1736 pro
214 1645 332 1735 αὐτοῦ,
356 1649 523 1735 φθισέμεν
543 1675 597 1734 pro
616 1654 756 1736 φθίσειν
776 1658 905 1736 scripsit,
925 1675 1023 1716 meum
1043 1655 1216 1734 applausum
1237 1653 1314 1713 tulit.

138 1755 333 1835 Exploratum
356 1756 435 1814 enim
458 1762 489 1814 et
511 1773 704 1816 numerorum
729 1754 999 1833 computationibus
1024 1752 1248 1832 comprohatum
1268 1759 1315 1810 est

137 1852 305 1933 spondeum
329 1855 360 1913 in
384 1853 480 1931 primo
504 1852 579 1931 pede
604 1853 791 1933 frequentius
815 1872 903 1934 quam
927 1855 958 1912 in
982 1854 1091 1912 ceteris
1111 1870 1214 1911 versus
1239 1850 1314 1910 sedi·

137 1953 195 2013 hus
219 1960 396 2030 usurpatum
420 1969 486 2011 esse
510 1960 540 2012 et
563 1951 676 2014 heroici
699 1952 863 2014 hexametri
882 1952 1054 2028 gravitatem
1075 1949 1175 2009 sedato
1195 1950 1314 2009 incessu

137 2053 228 2130 primi
258 2050 343 2130 pedis
374 2052 482 2132 mirum
513 2059 657 2129 quantum
688 2052 798 2129 augeri.
845 2050 908 2120 Oua
938 2047 974 2108 de
1003 2066 1090 2108 causa
1119 2049 1149 2107 in
1177 2047 1312 2107 codicum

137 2148 319 2210 lectionibus
347 2150 409 2208 lere
437 2151 639 2228 acquievimus
667 2168 735 2228 nec,
764 2149 821 2210 nisi
850 2150 876 2207 si
900 2165 972 2206 usus
996 2146 1114 2206 dicendi
1137 2145 1314 2205 llomerieus

138 2245 304 2327 llagitahat,
327 2245 364 2305 ah
387 2264 492 2307 eertum
516 2247 573 2307 lide
596 2249 784 2309 recessimus.

228 2343 311 2404 lllter
339 2362 392 2424 pes
420 2343 551 2423 spondeo
580 2343 720 2424 impletus
748 2364 845 2425 neque
874 2343 969 2403 media
1000 2351 1084 2422 parte
1108 2342 1221 2401 incisus
1244 2339 1314 2400 lieet

136 2441 176 2501 ah
203 2441 333 2502 llomero
361 2445 460 2503 minus
489 2461 576 2522 quam
605 2463 620 2502 a
644 2443 743 2504 latinis
771 2445 1015 2522 poetis'spretus
1039 2443 1091 2520 sit,
1120 2448 1217 2499 tamen
1242 2438 1312 2498 deli-

136 2543 212 2601 catis
236 2539 360 2601 auribus
383 2559 544 2620 numquam
568 2560 627 2602 non
651 2544 749 2602 minus
773 2540 921 2620 placebat;
949 2558 1005 2619 qua
1034 2539 1070 2599 de
1094 2557 1182 2598 causa
1211 2536 1313 2596 divisis

136 2637 290 2699 voeahulis
313 2636 459 2733 exaranda
483 2641 652 2699 curavimus

299 2763 412 2852 φύσει,
435 2765 504 2847 ἐπεὶ
528 2763 570 2851 δὴ
594 2762 722 2852 (ἐπειδὴ
746 2770 845 2854 codd.)
867 2769 982 2852 πρῶτα
1004 2761 1111 2850 τομὴν
1135 2763 1171 2829 ἐν
1198 2759 1312 2845 ὄρεσσι

938 2863 1100 2930 λέλοιπεν·
1120 2862 1166 2948 (A
1188 2862 1267 2945 235)

299 2963 425 3029 πέπλον
458 2959 504 3046 d’,
538 2959 575 3041 ὅς
606 2966 656 3042 τίς
689 2959 793 3049 (ὅστις
824 2987 850 3027 v.
875 2962 908 3050 Ι.)
930 2961 983 3027 τοι
1010 2960 1222 3046 χαριέστατος
1250 2953 1310 3042 ἡδὲ

937 3058 1103 3145 μέγιστος·
1122 3058 1164 3140 (Ζ
1189 3054 1267 3140 271)

297 3153 413 3242 Ἰδαῖ’,
455 3148 476 3243 ἦ
518 3181 570 3224 τοι
608 3155 703 3243 (ἦτοι
740 3182 765 3223 v.
803 3156 840 3245 1.)
878 3161 993 3242 μῦθον
1027 3153 1167 3240 Ἀχαιῶν
1209 3148 1310 3231 αὐτὸς

937 3251 1084 3331 ἀκούεις·
1113 3252 1166 3338 (Η
1184 3250 1265 3339 406)

299 3342 325 3419 cd
349 3350 465 3437 γέρον,
490 3349 531 3418 οὔ
555 3374 606 3418 τω
626 3349 734 3438 (οὕτω
754 3378 779 3418 v.
795 3355 827 3440 l.)
845 3349 905 3418 τόν
929 3377 966 3437 γε
984 3349 1083 3429 κύνες
1101 3347 1213 3435 φάγον
1233 3344 1308 3415 odd’

937 3453 1057 3516 οἰωνοί
1076 3449 1124 3536 (Ω
1145 3449 1236 3532 411).

227 3544 336 3605 Verum
360 3547 391 3605 in
415 3562 503 3605 versu
527 3546 571 3605 M
590 3542 652 3606 151

299 3668 344 3752 ὃς
365 3674 435 3739 τῶν
457 3670 578 3758 κόμπει
600 3662 721 3760 χαλκὸς
744 3674 796 3740 ἐπὶ
820 3671 979 3759 στήθεσσι
1003 3671 1142 3759 φαεινός

135 3814 244 3895 plenus
268 3831 359 3874 senus
383 3812 508 3892 spondei
531 3811 604 3873 adeo
628 3830 696 3873 cum
721 3812 834 3873 tumido
858 3813 973 3890 fragore
997 3813 1074 3871 aeris
1098 3812 1249 3890 congruit,
1278 3819 1311 3870 ut

136 3911 289 3973 diductam
314 3912 438 3971 sormam
461 3903 582 3991 xdprres
606 3910 642 3970 de
666 3913 836 3970 coniectura
861 3928 1005 3989 reponere
1029 3927 1088 3968 non
1112 3928 1201 3968 ausus
1223 3911 1287 3969 sim.

227 4008 332 4079 Quarti
351 4008 436 4088 pedis
455 4010 512 4069 dne
532 4011 558 4069 si
576 4010 670 4068 oratio
690 4008 851 4087 incidatur,
870 4006 1017 4087 dactylum
1037 4025 1125 4086 quam
1145 4007 1310 4086 spondeum

134 4106 347 4184 multomagis
370 4105 517 4185 placuisse
541 4106 692 4168 evidenter
715 4108 817 4168 docuit
841 4106 1002 4186 Bellerus,
1027 4105 1110 4166 Hom.
1134 4105 1175 4166 ut
1199 4104 1211 4163 l
1239 4103 1332 4185 144,

135 4222 226 4283 quem
250 4204 289 4263 ita
314 4212 436 4265 secutus
455 4222 534 4285 sum,
558 4213 592 4266 ut
610 4205 656 4265 vel
679 4207 779 4266 invitis
799 4205 883 4266 libris
902 4205 1061 4285 dactylicas
1080 4205 1198 4283 lormas,
1222 4203 1308 4264 modo

135 4299 346 4380 comprobatae
379 4301 444 4364 illae
478 4302 601 4384 aliisque
634 4303 707 4364 locis
740 4311 898 4381 usurpatae
931 4305 1055 4383 luerint,
1088 4304 1221 4380 recipere
1250 4319 1309 4361 non

134 4397 347 4480 dubitaverim,
371 4400 451 4461 velut
536 4413 538 4417 ’
