2984 5092
619 324 860 387 -134-

158 492 209 548 tim
229 489 253 546 si
273 489 363 546 certis
383 505 522 546 versuum
542 485 682 547 clausulis
701 488 832 548 inclusae
852 490 971 569 luerint,
992 491 1134 570 usquead
1150 494 1330 571 scriptorem

158 585 226 646 belli
255 585 374 644 Troiani
407 603 461 662 pet·
493 586 588 644 varios
617 585 728 644 rivulos
756 585 877 646 duruisse
905 587 1066 666 putemus‘?
1112 590 1247 669 {lenique
1275 590 1331 651 boc

158 703 277 763 ultroque
302 685 332 742 in
355 682 493 763 singulis,
522 702 596 761 quem
621 685 679 743 iam
702 685 933 766 recensebimus,
959 686 1062 747 lornds
1087 690 1195 749 veteris
1219 690 1332 767 graeci-

159 786 227 844 tatis
256 782 458 862 quaerendum
487 784 557 860 erit,
587 790 686 841 uterun
710 801 835 861 prorsus
858 783 924 844 illae
948 787 1005 844 iarn
1029 804 1064 845 ex
1088 786 1168 865 uulgi
1192 804 1333 848 sermone

158 882 339 960 disparuisse
378 898 414 938 att
452 881 605 940 etiamtum
633 878 673 939 'in
714 899 764 939 ore
804 901 910 941 sorrtnn
949 893 1123 945 senescente
1163 887 1221 945 vita
1260 904 1333 947 usae

159 1001 224 1041 essa
259 978 420 1038 rideantur.
468 977 549 1037 llane
582 986 680 1038 autem
714 997 777 1038 rem
812 989 843 1041 ut
875 999 1027 1062 eruamus,
1065 1001 1153 1062 «puram
1189 984 1335 1062 frequens

159 1082 305 1158 ettiusuue
338 1078 449 1136 formae
483 1095 555 1135 usus
589 1078 627 1136 sit
659 1084 690 1135 et
717 1095 804 1154 cpuam
834 1077 891 1138 late
919 1099 1055 1159 quaeque
1084 1078 1335 1160 radices'egerit,

159 1175 328 1255 singillatim
352 1167 594 1234 examinabimus.
631 1172 683 1233 Vix
709 1176 787 1233 enirn
812 1176 883 1236 alias
903 1177 1006 1238 iubae
1027 1198 1058 1239 re
1079 1178 1227 1258 Vergilius
1245 1199 1334 1259 optram

160 1277 306 1336 Homerus
339 1275 469 1333 rationes
502 1280 623 1332 secutus
651 1279 710 1352 est,
744 1279 776 1331 nt
805 1292 880 1351 quae
909 1293 1033 1354 prorsus
1061 1280 1119 1337 iasar
1147 1277 1337 1339 oblitteratae

160 1382 260 1435 essent
284 1373 404 1450 sortitae,
428 1390 478 1430 eas
501 1389 568 1431 raro
592 1369 747 1429 adbiberet
772 1391 868 1452 ireque
891 1383 975 1434 extra
998 1384 1096 1436 certas
1120 1395 1225 1437 veretas
1248 1376 1338 1437 sedes

161 1491 271 1552 ponere.
295 1470 426 1530 auderet.

249 1572 269 1645 ξ
294 1567 345 1629 tn.
391 1568 567 1627 (terretirunr
591 1570 665 1645 sing.
691 1586 748 1628 sce.
773 1569 846 1629 deul.
871 1572 901 1630 iu
926 1590 977 1632 οιο
1003 1571 1194 1633 thessalicum
1220 1580 1340 1633 ueteres

161 1669 344 1748 grainnmtiel
372 1665 562 1725 dristncbus
571 1660 595 1743 ¹)
624 1667 797 1744 Apollonius
825 1668 1011 1730 llerodianus
1040 1678 1227 1752 rtrtttcupant‚
1256 1669 1339 1750 ‹prrod

163 1787 232 1828 ιιιιοι
257 1767 362 1825 anemio
387 1764 522 1841 iecerint,
546 1771 615 1822 stud.
639 1767 689 1841 qui
714 1765 859 1826 dubitent.
902 1766 967 1845 lpsa
991 1771 1069 1828 etdm
1093 1768 1142 1828 illa
1166 1769 1340 1829 terntinatio

163 1875 369 1946 praeterquam
393 1861 471 1940 nptrd
495 1860 656 1923 llomerum
680 1866 804 1944 eiusque
830 1867 973 1926 orationis
997 1868 1161 1929 imitatores
1183 1885 1284 1945 neque
1308 1869 1341 1927 in

162 1961 313 2049 'l'lressalia
342 1979 438 2038 oeque
468 1978 593 2038 usquam
622 1964 755 2039 gentium
786 1965 948 2043 invenitur,
977 1973 1007 2024 ct
1035 1967 1086 2043 qui
1113 1968 1144 2025 in
1171 1964 1342 2025 thessalicis

164 2061 310 2141 lapidibus
342 2067 460 2119 exstant
492 2059 620 2136 genetivi
654 2061 683 2119 in
718 2080 763 2140 oe,
802 2068 901 2120 utrum
935 2079 970 2120 ex
1004 2082 1055 2122 oto
1088 2061 1202 2123 abiecta
1234 2062 1341 2123 ultima

165 2160 256 2221 vocali
293 2177 330 2218 an
368 2157 424 2217 alio
461 2156 548 2216 modo
587 2158 647 2216 nati
680 2160 753 2237 sint,
788 2166 936 2219 nostrates
968 2162 1153 2239 grammatici
1185 2154 1343 2243 litigaot²)

166 2259 284 2319 llomeri
313 2263 412 2316 autom
442 2257 471 2313 in
500 2253 683 2314 oarnuotbus
710 2259 838 2333 genetivi
863 2259 892 2316 iu
917 2278 969 2319 oro
994 2258 1168 2320 creberrimi
1192 2266 1278 2338 solut,
1301 2260 1344 2319 ita

165 2367 198 2417 ut
226 2355 410 2434 lnequentiae
439 2355 644 2430 genetivorurn
674 2353 838 2432 rodgarium
868 2357 896 2415 in
927 2376 969 2416 ov
992 2375 1050 2417 oon
1074 2356 1200 2418 multum
1224 2357 1345 2419 cedant„

164 2453 263 2534 Niltilo
291 2455 390 2513 utinus
419 2450 554 2511 ltoruiues
583 2459 645 2511 tum
675 2454 731 2511 iam
762 2452 888 2512 desiisse
916 2454 974 2513 illis
997 2456 1142 2533 genetiuis
1166 2457 1210 2515 uti
1233 2464 1286 2515 ortt
1310 2458 1343 2517 iu

166 2575 201 2615 οο
232 2562 263 2613 ut
287 2552 459 2612 desinerent
484 2550 584 2629 luisse,
610 2550 677 2608 inde
702 2559 804 2610 nostro
829 2553 894 2611 iure
918 2552 1093 2632 colligimus,
1117 2553 1194 2632 (prod
1218 2552 1344 2631 plurimi

164 2641 293 2731 gernetiri
321 2651 408 2709 istius
437 2649 555 2725 generis
584 2649 675 2706 certis
704 2666 807 2708 versus
836 2650 969 2730 sedibus,
998 2660 1066 2710 anttt
1095 2669 1250 2712 caesanam
1274 2652 1345 2715 dico

166 2760 195 2811 et
218 2752 248 2810 in
273 2746 403 2808 elaarsula
428 2764 532 2805 uersus
556 2748 660 2823 ultimo
686 2745 729 2804 rel
754 2756 836 2807 sesto
856 2748 931 2827 pede
951 2751 1152 2829 inmoriuntur,
1171 2749 1252 2810 uelut

211 2842 366 2925 ἐκπέρσαι
391 2836 560 2923 Πριάμοιο
580 2836 680 2903 πόλιν
702 2834 758 2904 καὶ
780 2836 910 2907 foixod’
937 2841 1069 2908 ι’κέσθαι
1094 2842 1141 2926 (Α
1169 2841 1234 2929 tm·

210 2944 296 3005 ἔνθα
318 2933 429 3016 καθῑζ’
450 2932 567 3019 Ἑλένη
591 2934 697 3021 κούρη
723 2933 807 3014 Διὸς
830 2935 995 3024 αἰγιόχοιο
1019 2941 1067 3025 (Γ
1084 2942 1177 3022 426)·

211 3035 292 3103 ἄλλο
319 3031 350 3102 d'
378 3033 427 3099 ἐνὶ
452 3031 610 3124 προδόμῳ
634 3033 787 3120 πρόσθεν
811 3034 980 3122 θαλάμοιο
1004 3034 1147 3123 θυράων
1171 3036 1207 3123 (Ι
1224 3037 1318 3126 473).

167 3140 266 3212 tluid‘l
298 3139 376 3218 ‹ptiod
413 3136 621 3196 trottnullorutn
656 3138 866 3199 vocabulorum
901 3141 979 3219 udgi
1013 3160 1069 3200 usu
1098 3159 1187 3219 quam
1215 3143 1345 3203 maxime

169 3242 321 3318 tritorum,
346 3246 379 3297 ut
402 3237 611 3315 prormminuut
637 3220 679 3296 οὗ
702 3235 816 3298 κείνου
839 3231 961 3299 τούτου
984 3235 1100 3316 τοῦδε,
1123 3257 1250 3317 prorsus
1269 3240 1346 3302 nulli

168 3339 296 3416 genutio
320 3338 350 3394 in
375 3355 427 3395 οιο
452 3335 591 3394 seruntur
615 3343 645 3393 et.
668 3343 754 3414 poeta
780 3338 812 3396 A
838 3334 877 3396 'll

213 3426 383 3514 λαμπρόν·
407 3429 468 3493 τοῦ
492 3427 532 3492 de'
553 3452 587 3492 τε
612 3427 731 3492 πολλοὶ
756 3424 821 3493 ἀπὸ
846 3431 1030 3512 σπινθῆρες
1052 3430 1158 3495 ἵενται

168 3531 329 3612 particulas
358 3529 510 3590 ettrtudare
539 3549 627 3608 ιριιιοι
656 3531 775 3608 antiqua
805 3533 859 3592 ista
889 3535 982 3592 torm
1006 3534 1051 3591 uti
1075 3531 1187 3594 maluit.
1232 3534 1345 3597 'l'anten

170 3650 243 3691 usus
271 3629 476 3708 genebrarum
506 3629 535 3687 iu
565 3648 616 3688 οιο
646 3630 831 3708 linquendus·
859 3639 905 3690 ost
928 3639 957 3689 et
982 3629 1069 3690 latius
1093 3639 1173 3709 patet
1198 3651 1286 3711 (param
1310 3644 1347 3695 ut

171 3728 315 3789 leskieno
344 3722 457 3797 (lalteb.
483 3725 501 3783 l.
526 3724 598 3785 Pltil.
623 3724 679 3806 lli),
706 3725 738 3807 1)
763 3746 887 3805 prorsus
912 3736 973 3788 tum
994 3748 1044 3788 taos
1068 3747 1084 3788 e
1108 3730 1257 3791 cotidiano
1281 3750 1344 3793 ser·

262 3939 285 4004 1)
311 3935 487 3988 drietombns
526 3936 623 3987 auctor
660 3932 737 3986 illios
771 3935 928 3990 sententiae
960 3937 1092 3992 laudatur
1123 3938 1160 3991 ab
1193 3939 1347 4008 Apollonio

172 4016 306 4087 llyscolo;
336 4015 443 4083 reliqua
471 4013 634 4068 terdimooia
662 4014 781 4068 collecta
804 4013 889 4068 babes
913 4015 986 4084 apud
1011 4017 1262 4087 Abram-Meister,
1290 4018 1346 4074 Die

171 4098 274 4167 griech.
296 4095 367 4148 Dial.
388 4093 400 4145 Ι
419 4101 471 4148 305
491 4096 523 4148 Α.
545 4101 573 4161 t;
598 4092 721 4147 aeolicos
741 4093 822 4147 audit
839 4095 985 4163 genetivus
1005 4092 1100 4151 ιἰιτοῖο
1119 4096 1147 4150 in
1166 4098 1211 4152 nt.
1231 4096 1300 4153 Gud.
1322 4117 1346 4155 s.

170 4198 195 4232 v.
216 4196 307 4238 οετος.

260 4268 288 4333 2)
308 4264 379 4318 Vide
394 4262 520 4332 Lugebil‚
540 4263 596 4318 Der
611 4262 729 4325 Genetiv
745 4262 899 4331 Singularis
914 4265 942 4319 in
957 4267 1007 4320 der
1020 4269 1211 4335 sogenannben
1226 4266 1347 4324 aweiten

172 4344 408 4414 ellgriechiscben
428 4342 615 4413 Declinalioo,
633 4344 663 4398 in
682 4345 752 4398 Ano.
772 4342 842 4412 phil.
862 4346 952 4415 aupapl.
973 4346 1022 4399 ΧΠ
1041 4366 1067 4416 p.
1088 4354 1149 4413 211,
1169 4346 1221 4404 Gn.
1240 4347 1348 4425 Meyer,

173 4425 217 4479 Gr.
239 4425 285 4480 Gr.
305 4443 332 4493 p.
352 4430 417 4491 291,
441 4423 535 4478 Herm.
561 4439 614 4477 von
640 4424 689 4477 der
708 4422 854 4491 l‘fordten,
880 4424 915 4479 do
934 4423 1054 4481 dialecto
1073 4426 1236 4482 Thessalica
1253 4446 1281 4499 p.
1300 4433 1349 4485 46.
