2962 5070
659 332 901 397 -176-

196 494 327 579 θυρῶν,
340 489 508 576 Ἀτρείδαο
520 486 690 578 Ἀτρείδεω
702 487 882 573 Ἀτρείδαο,
906 494 1081 575 μενοίνεον
1106 496 1150 555 Μ
1167 493 1226 575 59,
1250 489 1370 576 ἤντεον

198 594 232 654 Η
254 591 331 673 423,
356 585 519 674 ὁμόκλεον
543 588 676 672 0058,
701 612 726 672 φ
750 590 831 670 360,
859 589 940 671 307,
968 585 1127 673 ποτὲομαι
1151 614 1177 654 ω
1203 593 1238 673 7,
1261 589 1370 675 φοιτέ-

198 711 291 763 οντες
305 684 528 772 ἐμηχανὲοντο
544 682 651 773 ὁρέων
665 683 745 771 (vide
759 688 885 750 Bredow
905 691 941 752 de
964 691 1031 751 dial.
1051 689 1158 752 Herod.
1179 711 1207 771 p.
1222 687 1302 776 382)
1324 712 1370 753 vo-

198 789 269 850 calis
293 809 322 868 α,
346 790 520 868 priusquam
553 796 697 867 sequente
725 788 818 848 vocali
850 788 1035 870 hauriretur,
1067 807 1126 850 non
1159 788 1245 850 alteri
1278 792 1371 852 vocali

197 885 370 966 assimilata,
399 885 450 946 sed
474 887 505 945 in
529 887 696 945 tenuiorem
724 887 855 947 vocalem
886 907 901 948 ε
928 895 1040 948 mutata
1069 896 1127 968 est,
1156 888 1262 949 deinde
1291 889 1369 968 quod

198 988 365 1064 priscarum
389 985 550 1044 formarum
582 974 694 1064 ὁράεις
723 974 817 1065 όράει
850 975 966 1066 ὁράειν
994 988 1087 1065 magis
1115 985 1221 1046 exilem
1248 987 1371 1047 alteram

197 1082 326 1142 vocalem
355 1101 370 1142 ε
393 1081 486 1141 vocali
505 1081 591 1161 plena
611 1102 631 1142 α
647 1082 782 1143 haustam
796 1074 921 1168 (όραῑς)
937 1103 1024 1163 quam
1040 1083 1083 1143 illi
1097 1084 1287 1145 assimilatam
1304 1104 1370 1146 esse

198 1188 412 1261 exspectamus.
459 1180 555 1259 Atque
579 1181 679 1258 priore
708 1183 821 1241 ratione
845 1182 982 1262 equidem
1007 1201 1066 1242 non
1090 1200 1268 1262 magnopere
1292 1202 1370 1244 com·

199 1297 334 1359 moveor3
358 1296 412 1338 cur
436 1279 515 1337 enim
539 1278 612 1338 duas
637 1281 697 1339 vias
717 1280 831 1340 vocales
851 1279 1046 1341 contrahendi
1069 1279 1200 1358 linguam
1219 1284 1321 1342 iniisse
1341 1293 1372 1342 et

198 1379 253 1439 hac
277 1395 396 1457 quoque
424 1394 457 1434 re
485 1378 682 1437 recentiorem
711 1377 815 1439 lonum
845 1378 1004 1440 dialectum
1034 1378 1071 1438 ab
1103 1378 1213 1439 aeolica
1245 1379 1371 1441 dialecto

198 1477 389 1538 abhorruisse
420 1470 585 1552 negamus?
618 1475 669 1535 sed
703 1474 794 1536 altera
827 1475 985 1537 difficultas
1016 1495 1075 1536 non
1108 1477 1194 1538 rideo
1223 1479 1371 1557 quomodo

199 1576 307 1636 elevari
322 1575 425 1653 possit.
450 1571 528 1643 Quin
543 1574 631 1632 etiam
642 1573 796 1655 genuinas,
810 1574 890 1634 unde
898 1573 964 1634 illae
975 1583 1056 1635 ortae
1065 1582 1144 1654 sunt,
1159 1575 1268 1636 lormas
1279 1566 1371 1656 ὁράω

199 1665 312 1757 όράεις
335 1662 429 1751 ὁράει
456 1659 572 1750 ὁράειν
595 1679 627 1731 ut
650 1676 851 1753 restituamus,
870 1675 1003 1753 ipsorum
1027 1672 1171 1733 librorum
1196 1673 1373 1735 lectionibus

161 1801 169 1819 ·
198 1763 356 1853 κραδάων
379 1768 417 1829 Η
442 1765 516 1828 213.
549 1769 587 1828 Ν
611 1766 685 1831 583.
717 1773 746 1830 Y
769 1768 845 1833 423.
874 1790 892 1830 τ
919 1768 1001 1849 438,
1035 1764 1227 1832 ναιετάουσι
1256 1773 1290 1831 Δ
1317 1769 1371 1851 25,

198 1861 408 1940 ναιετάοντες
432 1866 459 1925 Ζ
482 1863 556 1926 370.
579 1865 661 1945 497,
689 1864 912 1940 ναιεταόντων
941 1867 962 1948 β
993 1866 1069 1930 400.
1092 1888 1110 1928 τ
1133 1865 1185 1928 30.
1201 1911 1209 1927 .
1224 1912 1257 1946 .,
1280 1888 1370 1929 ναιε-

198 1961 265 2030 τάω
290 1987 302 2027 ι
325 1964 379 2044 21,
403 1957 563 2025 εἰσελάων
585 1984 605 2024 ιι
629 1961 682 2043 83,
704 1962 931 2047 τηλεθάοντας
950 1968 986 2027 Π
998 1964 1072 2029 307.
1096 1967 1129 2027 X
1142 1965 1220 2047 423,
1245 1961 1372 2049 στιχάει

199 2067 228 2126 0
259 2061 336 2141 035,
373 2054 521 2123 πεινάων
558 2061 591 2123 Γ
622 2060 674 2124 25.
713 2066 747 2126 Σ
782 2064 854 2126 102.
892 2067 927 2126 Π
965 2061 1040 2143 758,
1076 2056 1210 2138 διψάων
1247 2066 1266 2125 λ
1303 2062 1368 2127 584

199 2184 252 2224 nos
277 2161 384 2223 adduci
407 2159 551 2221 ridemur.
592 2158 701 2222 Verum
725 2165 804 2223 enim
829 2181 899 2223 vero
922 2161 1036 2223 facilior
1058 2161 1115 2223 luit
1139 2161 1373 2242 Wackernagelii

199 2261 382 2342 grammatici
406 2259 557 2338 provincia
582 2277 671 2337 quam
695 2279 760 2321 mea
788 2261 926 2341 editoris,
955 2278 1021 2320 nam
1051 2262 1077 2320 si
1113 2267 1227 2321 textum
1250 2259 1372 2321 Homeri

199 2359 307 2421 edendi
330 2375 432 2419 curam
452 2355 504 2419 ille
529 2359 724 2438 suscepisset,
753 2378 811 2420 non
841 2366 886 2420 tot
914 2367 1069 2437 tantasque
1094 2358 1197 2419 turbas
1220 2369 1372 2421 moturum

199 2477 266 2519 eum
300 2458 391 2518 luisse
424 2454 610 2516 crediderim.
652 2455 798 2535 Equidem
830 2459 861 2517 in
889 2459 980 2518 tantis
1012 2474 1114 2516 rerum
1147 2460 1293 2535 angustiis
1330 2460 1373 2517 sic

198 2559 261 2618 lere
304 2563 416 2615 statuo:
457 2555 586 2632 primum
624 2554 734 2614 lormas
771 2546 861 2634 ὁρόω
904 2544 1049 2636 ὁρόοντα
1082 2544 1207 2632 ὁρόωσι
1238 2545 1373 2635 ὁρόωσα

199 2645 356 2735 ὁρόοντάι
393 2670 427 2711 ea
460 2670 549 2730 quam
588 2650 724 2730 Meyerus
761 2651 918 2732 explicavit
953 2654 999 2711 ria
1031 2669 1067 2711 ex
1100 2641 1192 2730 ὁράω
1226 2642 1373 2735 ὁράοντα

200 2744 350 2835 ὁράονσα
374 2741 533 2829 ὁράονται
556 2757 727 2829 procreatas
751 2769 830 2827 esse,
853 2751 922 2811 dein
946 2768 1016 2811 cum
1039 2739 1128 2830 ὁρόω
1153 2759 1184 2811 et
1206 2740 1317 2833 ὁρόων
1337 2771 1373 2812 ex

200 2841 267 2930 ὁρῶ
293 2858 323 2909 et
347 2839 437 2928 ὁρῶν
461 2866 553 2927 aeque
578 2858 666 2928 atque
690 2846 801 2910 ἔειπον
825 2867 860 2909 ex
885 2839 994 2928 εἶπον,
1018 2842 1092 2928 ἕηκε
1116 2866 1151 2907 ex
1176 2833 1245 2929 ἧκε,
1269 2843 1372 2912 ἐεισά-

199 2967 298 3029 μενος
334 2964 369 3006 ex
403 2938 579 3026 εἰσάμενος
611 2947 807 3025 productione
840 2947 944 3026 longae
977 2945 1085 3007 vocalis
1118 2944 1163 3006 vel
1196 2947 1371 3026 diphthongi

198 3055 262 3105 orta
286 3063 351 3104 esse
375 3043 447 3102 salso
471 3043 529 3103 sihi
547 3047 775 3126 persuasissent,
798 3045 834 3105 ad
854 3063 957 3106 cortun
976 3044 1138 3123 analogiam
1158 3046 1245 3105 etiam
1265 3034 1371 3129 ὁράᾳς

200 3134 286 3225 ὁράηι
315 3133 423 3221 ὁράαν
451 3134 638 3222 μητιάασθε
665 3135 838 3223 μνάασθαι
867 3136 960 3223 φόως
987 3141 1046 3223 ἔην
1068 3133 1135 3222 ἤην
1159 3142 1258 3203 δίοιτο
1283 3161 1372 3204 αιτιοι

199 3259 273 3301 esse.
320 3239 394 3300 lllud
429 3258 497 3300 rero
530 3239 737 3302 difficillimum
770 3249 816 3301 est
848 3241 884 3301 ad
914 3240 1129 3322 deliniendum,
1161 3259 1220 3319 quo
1253 3241 1372 3302 tandem

200 3351 333 3418 tempore
357 3338 454 3399 loetus
478 3339 522 3399 illi
546 3338 634 3399 lalsae
653 3338 802 3419 analogiae
822 3341 883 3400 nati
902 3346 932 3398 et
950 3341 1104 3419 propagati
1122 3355 1187 3398 esse
1207 3339 1373 3402 rideantur.

199 3436 354 3517 Eqrridem,
391 3438 416 3495 si
453 3439 483 3496 in
516 3455 548 3496 re
581 3439 694 3498 incerta
731 3441 932 3499 coniecturam
970 3439 1067 3498 lacere
1104 3435 1182 3516 licet,
1219 3447 1372 3498 auctorem

199 3537 472 3614 antiquissimorum
523 3534 622 3595 lliadis
676 3538 840 3597 carminum
882 3527 922 3597 οο
962 3526 1120 3617 ᾐτιόοντο
1161 3528 1372 3615 εἰσορόοντες

198 3625 342 3714 ἡβώοιμι
367 3623 457 3712 ὁρόω
480 3625 692 3713 καγχαλόωσι
712 3626 845 3713 γοόωσα
864 3628 948 3713 φόος
967 3625 1094 3712 φόοσδε
1113 3626 1227 3711 ἰδέμεν
1251 3631 1371 3712 dixisse,

201 3732 252 3792 sed
277 3732 427 3810 aliquanto
452 3739 519 3791 ante
539 3730 686 3791 Pisistrati
705 3739 831 3792 aetatem
851 3730 1014 3811 rhapsodos
1033 3749 1150 3792 necnon
1169 3732 1370 3790 recentiorum

199 3832 362 3889 carminum
392 3836 529 3888 auctores
557 3832 651 3908 ipsoS,
679 3848 748 3890 cum
776 3847 914 3889 sonoram
942 3827 1173 3890 modulationem
1202 3830 1295 3906 magis
1318 3827 1369 3888 ho-

200 3925 329 3987 minihus
367 3926 483 4005 placere
523 3927 664 3987 vidissent
696 3928 824 3988 necdum
857 3929 978 4005 scriptis
1010 3926 1117 3986 litteris
1150 3934 1370 4007 coercerentur,

199 4043 323 4085 canoras
359 4023 423 4083 illas
460 4027 551 4085 trium
590 4032 621 4084 ct
657 4034 784 4104 quatuor
821 4043 971 4085 morarum
1009 4025 1117 4085 formas
1150 4018 1371 4103 εἰσορόωντας

199 4117 350 4202 βοόωντα
374 4114 462 4204 βοάᾳ
486 4115 564 4205 ἐάᾳς
586 4116 714 4203 περάαν
737 4116 912 4205 μνάασθαι
936 4117 1038 4184 ἰδέειν
1062 4117 1189 4184 ἀάατον
1208 4113 1370 4203 ἀάσχετον

199 4211 395 4292 ὑπνώοντας
418 4219 557 4297 paullatim
577 4223 724 4282 invexisse
744 4222 851 4282 iudico.
888 4221 920 4281 ln
941 4229 1023 4282 textu
1044 4229 1143 4282 autem
1162 4219 1370 4280 constituendo

199 4339 214 4379 a
246 4317 380 4378 codicum
415 4316 471 4376 lide
505 4317 567 4377 lere
595 4318 668 4379 nihil
697 4321 833 4400 discessi,
867 4322 923 4380 nisi
952 4319 1030 4398 quod
1059 4318 1196 4379 codicum
1233 4325 1370 4398 portenta

200 4410 366 4495 δηιόωντο
390 4414 428 4475 Ν
448 4411 513 4474 075
537 4422 567 4474 et
590 4412 771 4495 δηιόωντες
794 4418 824 4477 Λ
850 4415 923 4498 153,
946 4411 1173 4498 ἐστρατόωντο
1197 4414 1229 4477 Γ
1245 4413 1317 4478 187.
1338 4417 1371 4475 Δ
