2962 5070
630 353 781 405 ΙΛΙΛΔΟΣ
801 356 839 405 VI

148 506 210 593 τήν
233 507 298 595 γάρ
325 513 434 595 Τρῶες
458 515 585 596 ἔθηκαν
606 509 788 599 Ἀθηναίης
812 514 949 600 ίέρειαν·

149 619 187 681 αἳ
208 613 239 682 δ’
268 613 414 704 ὀλολυγῇ
438 621 541 684 πᾶσαι
563 616 688 709 Ἀθήνη
712 634 824 708 χεῖρας
847 617 998 708 άνέσχον.

147 717 168 806 ή
192 719 227 789 δ’
253 720 320 810 άρα
343 725 469 791 πέπλον
494 725 617 794 έλούσα
640 729 757 795 Θεανὼ
779 727 1003 816 καλλιπάρῃος

148 832 256 914 θήκεν
278 827 459 917 Ἀθηναίης
482 833 534 899 ἐπὶ
558 832 721 919 γούνασιν
741 830 918 922 ήυκόμοιο,

148 933 311 1024 εὐχομένη
336 937 368 1005 δ’
394 937 497 1026 ήράτο
522 939 607 1020 Διὸς
629 939 735 1030 κούρη
758 943 931 1028 μεγάλοιο·

148 1041 286 1126 ,,πότνι’
311 1042 488 1133 Ἀθηναίη,
512 1051 718 1134 ἐρυσίπτολι,
742 1052 798 1114 δῖα
821 1049 952 1138 θεάων,

147 1153 251 1231 έᾶξον
275 1151 317 1239 δή
343 1159 438 1240 ἔγχος
462 1155 652 1242 Διομήδεος
675 1152 734 1241 ήδὲ
758 1155 813 1222 καὶ
836 1154 940 1224 αὐτόν

148 1260 273 1344 πρηνέα
298 1257 357 1340 δός
379 1263 509 1329 πεσέειν
533 1266 671 1330 Σκαιῶν
691 1260 901 1349 προπάροιθε
924 1263 1077 1351 πυλάων,

148 1362 238 1453 όφρα
260 1393 312 1433 τοι
337 1365 454 1435 αὐτίκα
478 1374 543 1436 νῦν
567 1372 768 1436 δυοκαίδεκα
791 1373 874 1455 βοῦς
896 1371 946 1438 ἐνὶ
970 1376 1040 1464 νηῷ

147 1470 222 1557 ήνις
246 1474 383 1560 ἠκέστας
407 1475 617 1563 ίερεύσομεν,
641 1484 680 1543 αί
699 1473 728 1542 κ’
756 1475 892 1565 ἐλεήσῃς

147 1579 253 1647 έάστυ
276 1609 310 1648 τε
333 1583 388 1649 καὶ
416 1583 540 1670 Τρώων
564 1580 709 1670 άλόχους
730 1583 785 1650 καὶ
808 1583 911 1670 νήπια
933 1585 1064 1653 τέκνα.“
1269 1609 1321 1658 310

151 1683 208 1768 [δίς
232 1687 326 1775 ἔφατ’
353 1687 530 1776 εὐχομένη,
554 1687 691 1758 άνένενε
715 1689 753 1756 δὲ
776 1689 913 1771 Παλλὰς
934 1690 1084 1779 Ἀθήνη]

236 1792 281 1876 δίς
305 1802 342 1863 αἳ
362 1799 423 1883 μέν
447 1795 477 1883 ῥ’
504 1795 642 1884 εὔχοντο
666 1795 752 1876 Διὸς
774 1796 879 1885 κούρη
903 1798 1077 1885 μεγάλοιο,

150 1898 278 1990 Ἕκτωρ
302 1904 340 1971 δέ
363 1903 446 1992 πρὸς
470 1902 594 1991 δώματ’
617 1900 848 1990 Ἀλεξάνδροιο
871 1904 1005 1991 βεβήκει

148 2009 248 2095 καλά,
271 2010 311 2079 τά
335 2009 367 2095 β’
394 2008 493 2091 αὐτὸς
517 2013 624 2090 ἔτευξε
648 2008 711 2077 σὺν
735 2008 917 2097 άνδράσιν,
942 2017 977 2078 οἳ
997 2010 1066 2080 τότ’
1092 2012 1221 2101 ἄριστοι

147 2106 233 2201 ήσαν
258 2118 308 2184 ένὶ
335 2125 436 2207 Τροίη
461 2119 637 2205 έριβιύλακι
660 2119 810 2197 τέκτονες
831 2116 966 2206 ἄνδρες,
1269 2142 1321 2190 315

148 2226 184 2289 οἵ
203 2233 258 2292 fot
283 2228 443 2312 ἐποίησαν
466 2228 623 2312 θάλαμον
645 2224 700 2291 καὶ
725 2228 822 2312 δάμα
846 2225 900 2293 καὶ
925 2223 1032 2313 αὐλήν

148 2331 268 2416 ἐγγύθι
292 2360 326 2400 τε
350 2332 519 2420 Πριάμοιο
542 2333 597 2399 καὶ
613 2330 772 2418 Ἕκτορος
795 2334 831 2399 έν
854 2331 949 2400 πόλει
973 2332 1068 2422 άκρη.

148 2436 222 2504 ἔνθ’
241 2436 370 2527 Ἕκτωρ
394 2444 529 2526 είσήλθε
554 2445 714 2525 διίφιλος,
738 2439 774 2504 ἐν
799 2435 830 2503 δ’
856 2437 922 2526 άρα
944 2446 1033 2527 χειρί

148 2548 242 2630 έγχος
266 2544 312 2633 ἔχ’
339 2546 565 2634 ἑνδεκάπηχυ·
598 2546 742 2632 πάροιθε
767 2544 804 2611 δὲ
827 2548 970 2632 λάμπετο
995 2548 1118 2635 δουρός

147 2651 247 2738 αι’χμή
272 2662 421 2740 χαλκείη,
444 2655 518 2741 περὶ
543 2652 579 2719 δὲ
603 2651 743 2739 χρύσεος
765 2654 846 2721 θέίε
869 2652 1003 2740 πόρκης.
1268 2677 1321 2727 ³20

147 2757 206 2825 τόν
231 2757 262 2827 δ’
288 2751 359 2848 εὗρ’
385 2763 422 2828 ἐν
446 2760 588 2851 θαλάμῳ
610 2760 807 2847 περικαλλέα
830 2757 936 2847 τεύχε’
962 2762 1099 2849 ἕποντα,

148 2863 270 2933 άσπίδα
294 2869 349 2934 καὶ
373 2869 527 2954 θώρηκα,
550 2867 605 2934 καὶ
629 2865 757 2953 άγκύλα
780 2863 849 2948 τόξ’
875 2863 1048 2954 ἁφόωντα·

148 2970 333 3059 Ἀργείηδ
354 2971 470 3060 Ἑλένη
494 2971 563 3061 μετ’
589 2972 655 3060 άρα
679 2978 809 3066 δμφήσι
833 2977 986 3060 γυναιξίν

150 3070 244 3164 ἧστο,
268 3081 323 3147 καὶ
347 3079 566 3167 άμφιπόλοισι
590 3081 767 3168 περικλυτὰ
790 3083 894 3170 ίέργα
916 3083 1059 3152 κέλευεν.

147 3187 207 3253 τὸν
232 3185 263 3253 δ’
282 3186 409 3275 Ἕκτωρ
433 3195 579 3256 νείκεσσε
601 3187 709 3256 έιδάν
733 3193 900 3276 αἰσχροῖσι
922 3190 1093 3258 ίέπεσσιυ·
1267 3213 1319 3262 315

149 3294 333 3382 ,,δαιμόνι’,
358 3293 399 3364 ού
422 3294 483 3381 μὲν
506 3294 590 3363 καλά
615 3294 717 3384 χόλον
741 3293 834 3364 τόνδ’
861 3301 961 3364 ἔνθεο
983 3301 1094 3390 θυμῷ.

148 3402 223 3468 λαοὶ
246 3401 307 3488 μὲν
331 3402 546 3489 φθινύθουσι
569 3403 644 3489 περὶ
667 3402 785 3471 πτόλιν
808 3401 889 3470 αίπύ
911 3428 946 3471 τε
968 3416 1077 3491 τεῖχος

148 3508 368 3596 μαρνάμενοι·
402 3512 457 3577 σέο
482 3507 513 3577 δ’
539 3506 639 3577 εἵνεκ’
666 3507 748 3597 άυτή
772 3536 806 3577 τε
829 3508 992 3596 πτόλεμός
1014 3536 1049 3578 τε

147 3617 252 3682 ίάστυ
275 3614 346 3683 τύδ’
372 3615 570 3705 άμφιδέδηε·
604 3616 646 3684 σὺ
670 3613 701 3684 δ’
727 3613 770 3683 άν
793 3618 953 3704 μαχέσαιο
977 3617 1032 3684 καὶ
1056 3615 1160 3708 άλλῳ,

148 3720 189 3790 όν
211 3723 286 3791 τινά
309 3749 376 3791 που
398 3727 557 3811 μεθιέντα
580 3728 690 3802 ίίδοις
713 3728 876 3809 στυγεροῦ
898 3724 1066 3809 πολέμοιο.
1267 3745 1319 3795 330

148 3828 221 3897 ἀλλ’
247 3829 327 3915 άνα,
350 3831 394 3918 μή
418 3832 501 3920 τάχα
523 3830 631 3898 ίάστυ
653 3828 757 3917 πυρὸς
780 3835 884 3899 δεΐοιο
907 3831 1079 3920 θέρηται.“

219 3998 271 4047 303
285 4019 319 4038 =
335 3998 369 4046 92
406 3999 530 4048 303-10
546 4019 578 4038 =
594 3997 699 4047 274-6
737 3990 804 4046 31612
819 4018 852 4037 =
867 4012 882 4060 χ
896 3995 950 4046 494
986 3997 1110 4046 318-20
1125 4019 1159 4037 =
1174 3995 1199 4047 Θ
1213 3999 1319 4049 433-5

148 4078 199 4126 ³25
215 4098 248 4119 =
266 4078 292 4126 Γ
302 4079 336 4128 38
409 4074 477 4129 327¹)
493 4101 525 4120 =
541 4081 564 4129 Δ
580 4079 627 4128 131
703 4069 817 4126 328b=
833 4074 1008 4127 11911163
1081 4079 1133 4128 330
1149 4099 1182 4119 =
1197 4080 1223 4127 Δ
1237 4080 1298 4129 240.

219 4224 271 4272 305
290 4214 433 4288 βυσίπτολι
453 4216 524 4272 coni.
543 4215 743 4287 grammaticus
762 4214 863 4284 aliquis
882 4215 911 4269 in
930 4215 1016 4272 schol.
1036 4215 1109 4269 ABV
1178 4223 1228 4270 311
1249 4213 1319 4273 owe-

148 4305 236 4352 τείται
251 4299 337 4354 schol.
353 4300 385 4366 A,
402 4298 435 4354 cs.
451 4298 521 4367 prol.
538 4303 595 4364 §17
648 4301 699 4350 313
714 4314 754 4364 γρ.
772 4294 836 4364 ἔχεν
850 4291 997 4364 δεκάπηχυ
1012 4294 1099 4350 schol.
1115 4296 1139 4347 A
1189 4297 1320 4367 321περλ

148 4373 266 4448 κάλλιμα
287 4378 396 4433 Bekker
415 4379 519 4432 collato
540 4380 565 4432 0
579 4383 630 4432 555
703 4381 755 4430 323
774 4372 842 4441 τόξα
862 4372 978 4444 φόωντα
997 4376 1020 4429 Ι)
1040 4379 1070 4430 et
1087 4396 1130 4445 γρ.
1150 4377 1237 4433 schol.
1256 4379 1282 4433 Δ

147 4463 200 4513 315
219 4458 343 4529 αἰσχροῖς
358 4456 469 4515 ἐπέεσσι
483 4458 575 4527 codd„
594 4458 628 4513 cf.
643 4456 712 4528 prol.
732 4462 748 4522 5
763 4462 797 4512 85
842 4462 895 4512 330
914 4458 945 4511 εί
954 4475 1017 4511 τινα
1037 4455 1123 4511 ACD:
1142 4451 1176 4512 ὅν
1194 4477 1258 4513 τινα
1272 4459 1319 4514 Δτ.
